3008 4920
730 374 785 458 aa

234 628 287 689 pro
312 606 503 689 imperatoris
531 605 648 682 cffici03
677 612 707 667 et
731 605 862 667 rationes
886 604 925 668 ob
950 627 1025 686 quas
1049 605 1157 667 ceteris
1180 627 1271 688 nego·

232 725 283 788 tiis
308 725 369 787 iere
394 723 537 787 omnibus
561 724 706 786 interesse
731 722 892 799 studebat,
915 723 941 787 ei
958 745 1020 787 non
1037 722 1193 799 dedecori,
1215 723 1268 786 sed

232 844 341 907 honori
384 843 543 907 vertendas
581 867 662 921 esse,
700 866 770 906 cum
805 843 970 906 Suetonius
1006 842 1115 927 probat
1146 867 1170 907 c.
1202 846 1265 906 33:

234 964 394 1026 Paulatim
415 964 580 1046 principem
603 966 722 1026 emeruit
743 964 972 1047 praestititque,
989 963 1047 1024 etsi
1063 964 1180 1024 narium
1196 965 1264 1034 din.

231 1083 449 1143 commodiorem
473 1088 571 1142 tamen
597 1082 720 1162 saepius
743 1087 772 1143 et
796 1082 838 1142 ud
860 1082 1016 1144 utilitates
1037 1081 1177 1160 publicas
1196 1104 1266 1163 pro-

231 1201 352 1263 niorem.
398 1207 443 1264 Ac
469 1203 568 1284 primo
605 1209 730 1264 caterius
760 1201 982 1284 ‘interveniebat
1018 1224 1054 1263 ne
1092 1202 1169 1284 quid
1199 1223 1264 1284 per-

230 1340 334 1400 peram
360 1320 459 1401 fleret.
508 1319 617 1403 Itaque
647 1327 677 1382 et
709 1321 941 1383 constitutiones
973 1327 1096 1382 serratus
1123 1322 1267 1404 quasdam

231 1439 355 1500 rescidit
378 1446 407 1500 et
432 1439 661 1520 mopistratibns
680 1463 736 1522 pro
760 1440 911 1502 tribunali
935 1441 1178 1521 copnoscentidns
1199 1442 1267 1523 pl·
1330 1435 1331 1438 ’

233 1578 354 1640 rumque
377 1580 409 1619 se
431 1560 574 1642 offerebat
598 1559 808 1621 consiliarium
831 1583 856 1632 e,
883 1582 912 1643 q.
937 1582 976 1635 s.,
1003 1566 1070 1622 tum
1087 1559 1216 1623 efficitur
1232 1582 1267 1622 ex

232 1676 290 1740 hoc
311 1677 379 1760 ipso
403 1678 501 1741 Taciti
522 1678 605 1756 loco;
624 1678 778 1743 assidebat
800 1682 829 1742 in
851 1704 941 1743 corna
961 1681 1000 1745 ob
1018 1681 1212 1759 modestiam,
1230 1704 1268 1744 ne

230 1806 396 1881 praetorem
421 1799 523 1859 curali
546 1800 724 1881 depelleret,
749 1800 877 1884 eiusque
902 1801 1073 1884 praeseutia
1097 1824 1132 1864 eo
1149 1801 1270 1865 valebat

235 1923 268 1979 ut
299 1915 520 1980 humilioribus·
551 1939 647 2000 aequa
677 1917 832 1981 contentio
857 1925 936 1980 esset
959 1940 1028 1982 cum
1052 1918 1215 1983 ditioribus
1239 1927 1269 1982 et

234 2035 476 2119 potentioribus,
502 2043 598 2120 utque
621 2059 658 2099 en
679 2036 825 2113 ueritate,
845 2058 906 2100 non
931 2059 985 2120 pro
1001 2037 1137 2101 iudicum
1154 2039 1268 2121 gratia,

234 2154 386 2216 sententia
416 2153 555 2218 ferretur.
603 2151 761 2216 Habemus
790 2162 946 2238 praeterea
971 2155 1008 2218 de
1032 2177 1139 2219 novem
1163 2156 1269 2240 priori·

234 2271 293 2335 bus
317 2273 403 2356 regni
428 2274 515 2336 annis
532 2273 590 2337 hoc
607 2273 754 2337 disertum
771 2274 869 2358 ipsius
887 2275 1096 2338 testimonium
1112 2273 1158 2337 IV
1177 2280 1195 2336 6
1202 2324 1211 2352 ,
1232 2277 1268 2339 7:

237 2392 298 2453 Sua
327 2393 515 2468 consulibus,
546 2414 601 2454 sna
622 2395 813 2476 praetoribus
837 2397 967 2472 specics,
987 2397 1132 2456 minorum
1156 2417 1270 2479 quoque

235 2510 465 2590 inopistrotnum
496 2512 627 2572 coercita
664 2519 818 2593 potestas;
856 2513 1005 2596 leposque,
1040 2514 1069 2574 si
1100 2515 1269 2576 rnaiestatis

234 2629 372 2712 quaestio
404 2629 590 2706 ecimerctnr,
623 2633 694 2693 dono
726 2633 758 2692 in
786 2654 843 2695 rrsn
958 2655 1109 2715 corporum
1134 2635 1267 2706 cerdera,

232 2750 435 2831 ademptiones
458 2750 597 2811 donorum
621 2752 753 2814 aderant.
800 2753 880 2815 llari
899 2776 953 2832 per
978 2753 1106 2816 Italiam
1129 2755 1269 2816 Caesaris

231 2870 315 2950 apri,
341 2871 471 2931 modesta
495 2871 639 2945 seruitia,
662 2871 745 2933 intra
769 2894 880 2954 prensos
905 2872 1026 2935 libertos
1046 2875 1165 2946 domus,
1189 2875 1269 2936 acsi

232 2989 351 3070 qnando
382 3009 447 3050 cnm
472 2989 607 3069 priuatis
639 2990 834 3070 disceptaret,
856 2991 967 3075 soram
998 2999 1027 3052 et
1057 2992 1113 3053 ius.
1140 3030 1186 3040 -
1212 2991 1268 3054 Uti

233 3115 335 3172 autem
360 3109 567 3173 damnandum
594 3117 640 3173 est
664 3109 847 3174 vocabulum
867 3112 1019 3186 satiatus,
1035 3112 1079 3174 ita
1094 3134 1156 3176 non
1172 3115 1269 3197 magis

233 3227 356 3312 placent
380 3227 490 3293 ultima
512 3227 618 3291 verba:
644 3230 697 3290 sed
717 3230 786 3290 dam
807 3229 934 3292 ueritati
952 3231 1128 3303 consulitur,
1145 3230 1269 3293 libertas
1335 3288 1337 3293 .

231 3347 489 3429 corrumpebatur:
514 3346 625 3409 etenim
650 3368 711 3409 non
735 3346 823 3410 video
840 3348 994 3432 quomodo
1012 3348 1146 3412 libertati
1162 3350 1267 3413 obesse

233 3469 329 3553 possit
353 3468 402 3545 id,
429 3490 491 3552 quo
515 3474 639 3532 cavetur
664 3469 782 3532 veritati
807 3491 841 3532 ac
865 3470 1010 3533 iustitiae.
1025 3471 1050 3553 l)
1077 3469 1266 3535 Confirmant

232 3589 306 3652 haec
330 3588 412 3672 quod
439 3590 530 3652 modo
555 3590 718 3674 proposui,
743 3590 920 3672 scriptorem
944 3588 1046 3652 studio
1061 3611 1124 3652 non
1140 3590 1265 3652 omnino

232 3728 379 3783 vacuum,
405 3707 457 3769 sed
481 3707 632 3771 irretitum
657 3707 776 3790 vulgari
799 3728 894 3788 eaque
917 3707 1024 3789 iniqua
1043 3707 1204 3790 opinione,
1225 3707 1263 3770 ad

230 3848 309 3911 opus
332 3848 506 3909 aggressum
550 3822 605 3888 sse.

522 3962 544 4013 ‘t

524 4018 530 4035 ι

266 4098 297 4157 1)·
310 4096 398 4144 Baletus
421 4095 450 4144 ad
468 4095 519 4144 Cic.
542 4095 570 4142 ds
588 4095 644 4159 Leg.
663 4097 688 4154 1,
709 4097 720 4144 1
740 4112 784 4160 pro
802 4097 898 4146 ceritati
915 4098 1043 4162 legendum
1061 4100 1165 4149 coniecit
1182 4101 1264 4148 reveri·

229 4197 291 4257 rari,
309 4200 404 4265 praeter
422 4196 532 4247 codicum
550 4197 729 4257 auctoritatem.
