3008 4920
742 459 782 519 88

240 671 397 750 ueneficiis
432 668 600 731 Martinam
630 668 732 730 nubila
760 671 853 727 morte
882 664 1050 726 Brundisii
1083 665 1278 738 castinacum,

242 810 440 872 venenumque
471 790 545 851 niodo
581 768 708 850 crinium
740 786 807 865 eiua
836 784 1034 858 occultatam,
1065 806 1118 847 nec
1148 784 1215 846 nlla
1244 786 1275 847 iu

241 927 361 990 corpore
389 908 476 988 signia
504 907 596 970 suarii
619 906 709 968 aritia·
735 909 860 987 reperta.

286 1026 429 1090 Studiose
462 1026 564 1089 omnia
587 1033 779 1089 accusatores
812 1030 1030 1106 congesserunt
1055 1044 1134 1106 quae
1158 1023 1196 1086 ad
1219 1023 1277 1086 cri-

242 1170 311 1212 men
335 1146 520 1210 firmandum
536 1147 673 1210 conferre
690 1146 881 1221 viderentur,
902 1151 934 1208 at
950 1144 1151 1209 nihilominus
1173 1145 1205 1207 in
1230 1167 1278 1208 su-

241 1266 430 1352 spicionibus
454 1275 574 1330 tantum
603 1287 757 1330 versamur
781 1258 814 1328 et
834 1264 1027 1355 rumoribus,
1053 1286 1131 1349 quae
1147 1265 1174 1329 si
1190 1286 1278 1328 excu-

244 1387 366 1452 tiuntur
390 1386 421 1450 in
447 1408 552 1450 auram
573 1393 766 1450 evanescunt.
803 1383 911 1467 Nugas
932 1384 969 1447 de
987 1385 1103 1446 ossibus
1123 1387 1275 1460 inmania,

243 1507 280 1570 de
315 1507 497 1568 carminibus
532 1514 563 1569 et
594 1506 800 1568 (levationibus
834 1504 976 1568 lubenter
1012 1526 1080 1567 oum
1117 1503 1277 1567 Merivalio
1367 1561 1371 1569 .

243 1626 282 1711 (V
310 1629 387 1709 ule)
421 1628 485 1690 sive
509 1626 728 1691 Antiochensis
752 1626 814 1689 sive
845 1625 1000 1689 Romanae
1028 1625 1126 1710 plebis
1154 1627 1279 1689 inventa

243 1770 308 1811 esse
332 1747 456 1823 eredas,
482 1746 643 1831 probantia
670 1746 784 1809 crimen
814 1746 950 1809 veneficii
974 1755 1036 1808 tam
1060 1745 1212 1809 incertum
1236 1754 1279 1808 at-

243 1891 303 1952 que
326 1868 481 1932 infirmum
510 1868 604 1931 fuisse
628 1874 665 1931 ut
689 1867 849 1950 quibusvis
878 1867 1059 1931 commentis
1084 1876 1162 1931 esset
1188 1867 1278 1930 susti-

245 1987 390 2050 nendum.
427 1986 493 2070 Ipsi
517 1993 706 2049 accusatores
731 1985 789 2049 hoc
814 1994 994 2061 senserunt,
1020 1985 1074 2069 qui
1098 1986 1129 2048 in
1147 1985 1275 2062 iudicio,

244 2110 354 2193 spretis
386 2109 469 2172 hisce
498 2109 535 2172 de
566 2108 846 2185 incantationibus,
880 2108 917 2170 de
950 2108 1111 2170 emissariis
1139 2107 1277 2184 Pisonis,

242 2226 342 2311 deque
371 2226 537 2290 Plancinae
569 2249 636 2291 cum
670 2227 806 2290 Martina
830 2226 1073 2303 consuetudine,
1097 2248 1211 2290 novum
1235 2248 1280 2290 ar·

242 2352 422 2428 gementum
458 2345 651 2428 protulerunt
684 2345 793 2410 hocce:
818 2345 961 2409 Pisonem
986 2345 1017 2409 in
1042 2345 1181 2408 convivio
1206 2345 1280 2409 Ger·

244 2465 356 2529 manici
388 2467 466 2529 cibas
498 2488 607 2526 ueneno
639 2466 705 2526 sais
728 2467 866 2528 manibus
889 2467 1073 2552 insectante:
1099 2474 1130 2528 at
1158 2489 1197 2530 ne
1219 2467 1279 2529 hoe

244 2584 368 2668 quidem
400 2591 453 2646 aut
481 2582 636 2648 iudicibus
660 2593 714 2647 aut
737 2584 844 2648 Tacito
869 2585 934 2648 ulla
958 2608 993 2648 ex
1018 2593 1104 2671 parte
1129 2585 1191 2649 veri
1215 2608 1281 2669 spe·

242 2704 319 2768 ciem
353 2726 424 2789 prae
448 2727 480 2766 se
511 2704 588 2768 ferre
613 2704 712 2768 visum
736 2711 792 2769 est.
841 2705 901 2769 Hio
925 2706 1005 2769 euim
1034 2706 1077 2769 ita
1100 2705 1276 2769 concludit:

236 2823 292 2886 ΙΙΙ
311 2825 370 2886 ln:
399 2824 544 2905 Definitio
568 2825 600 2884 in
625 2824 732 2886 ceteris
760 2825 940 2906 trepidauit,
963 2847 1031 2887 nam
1048 2847 1141 2908 neque
1157 2826 1275 2886 ambiti-

242 2965 326 3006 0nem
342 2945 520 3017 militarem,
537 2965 630 3026 neque
641 2944 830 3023 prorrinciam
842 2945 973 3026 pessima
988 2945 1095 3028 cuique
1109 2945 1278 3019 cinomiam,

239 3087 276 3126 ne
314 3064 514 3127 contumelias
553 3064 671 3148 quidem
711 3065 867 3135 aduersam
884 3066 1104 3146 *imperatorem
1144 3065 1279 3148 infitiari

235 3190 364 3268 poterat.
413 3183 534 3245 Solam
566 3184 702 3246 ueneni
732 3186 866 3246 crimen
895 3185 999 3246 nriaas
1021 3192 1076 3246 esi
1099 3184 1277 3259 diluisse,

233 3305 334 3387 qaod
363 3325 405 3365 ne
435 3308 664 3365 accusatores
695 3304 839 3387 quidem
871 3303 965 3365 sabia
987 3304 1222 3389 firmabant,
1244 3304 1276 3367 in

239 3423 378 3486 conuiuio
414 3423 600 3494 Germanici,
632 3444 720 3505 quam
756 3444 845 3506 anper
879 3446 944 3485 eum
977 3424 1050 3485 Pico
1081 3424 1276 3486 aliecnmberet

239 3543 369 3625 infectae
399 3542 537 3603 manitas
569 3541 636 3602 eino
664 3542 743 3603 cibos
772 3549 938 3622 arguentes.
982 3543 1131 3625 Quippe
1151 3543 1275 3604 abeur-

233 3663 315 3722 dnm
339 3661 560 3732 uidebatur,
585 3659 663 3721 inter
687 3659 789 3722 aliena
813 3662 941 3722 scurrilia
965 3668 993 3723 et
1017 3669 1063 3724 aa
1085 3661 1273 3724 manantium

236 3780 318 3851 uiua,
344 3782 409 3858 ipso
439 3780 614 3841 Germanico
638 3800 745 3852 coram,
772 3780 807 3840 ia
827 3802 943 3842 ausum.
986 3781 1193 3865 Offerebatque
1209 3782 1272 3863 fn-

235 3899 352 3960 milium
382 3921 450 3960 renas
482 3907 510 3960 et
533 3899 687 3961 ministras
710 3900 742 3961 in
768 3907 914 3962 tormenta
932 3902 1110 3985 flagitabat.
1158 3901 1271 3986 Itaque

234 4020 306 4085 Piso
332 4021 441 4084 veneni
470 4021 584 4084 crimen
608 4020 753 4099 diluisse,
771 4022 791 4086 i.
809 4045 834 4086 e.
851 4022 962 4086 falsum
981 3998 1171 4108 coarguisse,
1189 4023 1272 4088 visus

233 4150 297 4216 est,
323 4141 377 4205 sed
402 4142 561 4205 convictus
587 4151 632 4205 est
656 4164 756 4205 rerum
781 4164 930 4205 novarum
948 4144 1055 4207 studii.
1092 4143 1152 4208 Hie
1169 4153 1272 4209 autem

230 4261 338 4339 judicii
371 4267 500 4331 eventus
532 4262 652 4351 egregie
684 4265 828 4328 convenit
859 4286 928 4331 oum
959 4265 998 4328 iis
1028 4286 1106 4356 quae
1138 4264 1177 4329 de
1207 4264 1274 4334 eius
