3008 4920
673 411 676 418 ·
775 390 794 447 c

265 601 430 656 memorata
468 601 558 668 sunt,
599 592 722 667 rettuli;
760 593 813 655 sed
850 616 910 657 non
947 595 1099 657 omiserim
1134 593 1303 657 eorundem

265 724 446 796 temporum·
471 732 629 793 rumorem,
664 714 792 777 nalirlnrn
829 717 899 777 adeo
934 720 967 776 nt
997 717 1121 777 nondum
1148 716 1300 777 cnoleacnt.

264 829 387 909 Quibus
419 830 592 895 rumoribus
622 853 714 914 quam
746 831 872 915 largiter
903 830 941 894 ad
974 832 1177 901 narrationem
1208 832 1303 895 collu-

265 948 418 1012 strandum
445 971 519 1012 usus
544 949 584 1011 sit
607 949 686 1012 infra
707 948 889 1013 videbimus.

308 1069 375 1132 Iam
399 1090 468 1132 vero
492 1090 643 1151 quaenam
667 1077 731 1131 erat
755 1077 884 1145 natura,
909 1066 1066 1153 quodnam
1085 1069 1218 1153 pretium
1235 1069 1303 1132 illo-

263 1212 331 1253 rum
352 1188 508 1252 fontium?
554 1188 733 1251 Certissima
764 1210 799 1251 ac
832 1188 891 1251 fide
915 1186 1096 1271 dignissima
1119 1211 1192 1252 sane
1215 1199 1303 1253 erant

263 1316 443 1373 monomenta
457 1308 595 1390 peditem
611 1330 715 1371 verum
733 1330 768 1371 ex
785 1307 834 1370 his
851 1319 976 1370 externa
992 1315 1123 1384 tantum,
1143 1309 1227 1372 velut
1240 1331 1301 1372 ma·

264 1431 451 1515 gistratuum
467 1431 591 1494 nomina
609 1437 640 1495 et
657 1438 808 1515 tempora,
826 1430 920 1508 bella,
938 1431 1090 1517 triumphi
1103 1431 1238 1515 taliaque
1251 1432 1303 1496 ali-

265 1550 347 1615 unde
368 1550 442 1613 satis
462 1559 536 1613 nota
553 1549 732 1614 transscribi
752 1557 904 1634 poterant.
931 1550 1057 1614 interna
1069 1573 1141 1615 vero
1156 1551 1302 1629 historia,

265 1667 430 1733 Caesarum
462 1668 698 1752 principumque
730 1669 865 1731 virorum
896 1669 1033 1746 indoles,
1060 1693 1175 1747 mores,
1202 1693 1304 1734 aemu-

264 1789 412 1864 lationes,
437 1788 663 1865 contentiones
693 1811 772 1873 quae
800 1811 871 1872 prae
888 1788 1014 1871 reliquis
1031 1788 1121 1852 rebus
1138 1789 1303 1874 depingere

264 1908 390 1972 Tacitus
413 1908 446 1971 in
470 1907 607 1971 animrrm
635 1905 815 1983 induxerat,
842 1906 1012 1970 haurienda
1035 1916 1101 1970 erat
1120 1930 1157 1971 ex
1176 1907 1302 1973 illorum

264 2026 445 2088 orationibus
474 2033 505 2087 et
536 2024 669 2106 epistolis
700 2032 791 2107 atque
819 2047 855 2087 ex
886 2025 1087 2108 scriptoribus
1114 2035 1301 2110 temporum.

201 2221 205 2230 Ι
266 2147 442 2227 Quominus
462 2156 565 2212 tamen
585 2147 699 2211 Tiberii
719 2146 826 2210 saltem
843 2145 981 2230 epistolis
997 2140 1250 2230 orationibusque
1266 2149 1304 2212 ad

266 2267 359 2330 huius
384 2290 482 2331 mores
506 2265 733 2350 cognoscendos
751 2275 854 2330 noster
878 2265 1010 2330 multum
1028 2267 1194 2344 tribueret,
1211 2267 1305 2352 impe·

267 2386 404 2450 dimento
429 2393 493 2449 erat
517 2386 642 2450 assidua
667 2387 732 2449 eius
757 2384 929 2464 dubitatio,
955 2409 1030 2450 uum
1046 2410 1148 2451 revera
1165 2388 1304 2452 intimam

268 2506 320 2569 ille
344 2513 477 2570 mentem
502 2505 596 2569 iniis
621 2506 818 2590 expresserit,
843 2505 881 2568 de
906 2527 968 2590 quc
992 2505 1097 2569 haeret
1121 2529 1145 2569 e.
1171 2530 1200 2591 g.
1219 2506 1235 2569 I
1253 2510 1304 2571 52.

151 2621 153 2625 ’
268 2627 320 2690 ΙΙΙ
344 2629 396 2690 12.
412 2625 459 2689 IV
476 2629 506 2690 9.
547 2626 659 2709 Itaque
675 2627 765 2710 longe
782 2627 945 2691 maximam
964 2635 1080 2712 partem
1097 2651 1144 2693 res
1161 2628 1305 2693 rediitad

269 2746 445 2822 annalium,
466 2747 771 2823 commentariorum,
793 2746 968 2811 libellorum
992 2753 1148 2830 scriptores
1163 2771 1198 2812 ac
1214 2748 1306 2814 tradi·

267 2868 393 2930 tionem.
433 2866 479 2929 De
504 2866 614 2930 horum
638 2875 740 2929 autem
762 2867 889 2929 veritate
907 2874 937 2929 et
954 2867 1052 2951 pretio
1065 2867 1139 2930 baec
1154 2868 1220 2951 ipse
1236 2890 1303 2953 pro-

266 2986 364 3049 fessus
389 2994 433 3048 est
459 2986 495 3048 A.
515 2984 532 3047 I
556 2987 590 3047 lr
611 2984 669 3048 Sed
692 2985 801 3048 veteris
826 2985 934 3069 populi
950 2984 1080 3048 Romani
1097 3008 1242 3071 prospera
1257 2986 1305 3049 vel

267 3104 393 3168 adversa
413 3103 502 3166 elaris
527 3101 725 3186 scriptoribus
750 3110 916 3165 memorata
939 3115 1012 3166 sunt
1020 3129 1029 3181 3
1054 3104 1305 3189 temporibusque

269 3225 405 3308 Augusti
428 3246 491 3287 non
513 3223 636 3287 deluere
660 3222 770 3286 decora
793 3224 933 3308 ingenia,
950 3223 1047 3290 donec
1063 3226 1211 3310 gliscente
1231 3226 1306 3292 adu-

268 3345 382 3408 latione
404 3344 638 3408 deterrerentur.
674 3342 788 3407 Tiberii
805 3343 921 3427 Gaique
938 3352 969 3408 et
981 3344 1105 3409 Claudii
1121 3367 1156 3408 ac
1172 3345 1304 3410 Neronis

268 3488 314 3528 res
327 3464 505 3546 florentibus
529 3464 604 3544 ipsis
624 3465 657 3525 ob
681 3471 784 3526 metam
799 3465 908 3549 fatuae
923 3462 1123 3546 (VelleiusP),
1142 3472 1303 3548 postquam

268 3583 442 3647 occiderant
464 3583 627 3646 recentibus
650 3582 726 3647 odiis
753 3584 926 3663 compositae
941 3589 1018 3646 runt.
1045 3581 1123 3646 Inde
1140 3585 1301 3649 consilium

267 3705 340 3767 mibi
367 3726 464 3786 pauca
486 3702 524 3766 de
548 3704 693 3785 Augusto
717 3712 747 3766 et
771 3711 904 3767 extrema
929 3704 1068 3781 tradere,
1093 3727 1162 3768 mox
1186 3705 1302 3769 Tiberii

267 3823 472 3908 principatum
504 3828 534 3885 et
561 3829 676 3898 cetera,
702 3821 767 3884 sine
790 3822 834 3884 ira
859 3829 889 3885 et
911 3821 1015 3885 studio
1039 3844 1169 3905 quorum
1194 3844 1301 3886 causas

268 3941 373 4027 procul
395 3940 500 4004 babeo.
529 3939 575 4004 IV
598 3943 651 4003 ll:
674 3939 785 4024 Neque
802 3941 964 4024 quisquam
981 3941 1111 4025 scriptor
1129 3950 1188 4004 tam
1206 3941 1302 4005 infen-

267 4084 318 4124 sus
342 4061 477 4136 exstitit,
503 4068 538 4124 ut
561 4060 684 4124 Tiberio
708 4059 874 4123 obiectaret
898 4061 977 4143 (scil.
1002 4061 1057 4149 filii
1080 4064 1213 4144 necem),
1237 4086 1301 4126 cnm

266 4180 329 4241 aliu
345 4180 440 4242 omnia
457 4179 656 4261 conquirerent
668 4178 910 4263 intenderentqne.
936 4177 983 4243 Cf.
1002 4179 1082 4244 Hist.
1099 4179 1115 4244 I
1131 4183 1158 4258 l,
1178 4180 1211 4243 ΙΙ
1226 4184 1299 4245 101.
