3008 4920
731 463 772 531 86

232 685 296 741 tum
321 677 353 741 in
382 675 576 741 concordiam
609 676 683 739 haec
715 675 813 759 redigi
844 675 928 739 haud
961 673 1049 738 facile
1081 695 1169 757 posse
1201 695 1270 736 cum

231 796 266 861 ΙΙ
289 800 354 860 43:
381 797 504 858 Discere
527 797 601 858 arelo
624 802 690 858 erat
708 844 715 859 .
730 844 737 859 .
753 844 782 858 ..
824 795 994 857 Tiberius
1019 801 1054 856 ot
1071 795 1223 876 propriam
1241 800 1270 855 et

231 916 285 978 roi<
307 914 467 996 eonprsinia
503 915 651 976 Drusum
674 913 852 998 ferebat,
888 911 1100 974 Germanico
1132 910 1268 972 aliena-

230 1037 283 1098 tc'o
315 1035 444 1117 patrui
478 1053 603 1095 amorem
637 1033 721 1115 apud
755 1040 867 1094 ceteros
907 1041 1032 1094 cucerat
1053 1033 1092 1113 ¹):
1137 1029 1269 1113 denique

232 1152 408 1236 scriptorem
442 1151 643 1226 concessisse,
676 1173 745 1213 eum
779 1150 994 1213 Germanicum
1022 1158 1146 1212 externa
1170 1148 1269 1232 specie

231 1293 293 1334 uon
329 1270 417 1333 aliter
452 1293 487 1333 eo
510 1270 607 1332 tilium
632 1278 788 1333 tractasse.
835 1270 960 1333 Tacitus
985 1271 1129 1333 nimirum
1153 1269 1180 1331 si
1204 1269 1270 1352 ipse

233 1391 290 1453 hoo
314 1398 528 1472 argumentum
554 1388 659 1465 audire
680 1391 845 1473 potuisset,
872 1389 910 1452 ad
932 1391 1034 1453 tritam
1055 1389 1138 1452 illem
1156 1388 1270 1452 Tiberii

234 1510 460 1574 simulationem
486 1517 679 1592 provocasset
702 1531 737 1573 ac
761 1509 903 1585 dixisset,
929 1532 1000 1571 eum
1024 1520 1148 1571 externa
1171 1509 1269 1591 specie

232 1631 402 1695 occultasse
437 1631 520 1716 quod
554 1631 638 1693 intus
663 1631 820 1714 cogitaret.
859 1630 969 1693 Verum
1003 1631 1028 1692 si
1050 1630 1082 1692 in
1108 1629 1155 1691 his
1179 1628 1272 1691 simu·

230 1750 326 1828 levit,
360 1750 469 1834 quidni
495 1751 528 1813 in
553 1750 644 1813 aliis?
692 1749 755 1814 Gur
786 1773 952 1834 numquam
984 1750 1108 1813 reticuit
1138 1750 1164 1812 si
1196 1748 1270 1832 quid

231 1873 263 1934 in
287 1871 326 1935 G.
351 1871 409 1934 sibi
434 1871 670 1955 improbandum
697 1871 872 1935 videretur?
895 1872 944 1955 (of.
966 1872 1056 1947 lca,
1075 1871 1186 1947 1126,
1206 1872 1269 1952 so).

232 1993 273 2058 Et
296 1993 474 2078 post'illius
496 1994 635 2071 obitum,
661 2016 757 2079 quum
782 1994 898 2058 Tiberii
922 2015 1012 2076 quam
1035 1992 1165 2055 maxime
1180 1992 1271 2054 inter·

231 2113 340 2177 fuisset
366 2112 578 2177 multitudinis
609 2113 743 2177 favorem
776 2112 834 2176 sibi
868 2112 1030 2176 conciliare
1054 2134 1088 2174 ec
1111 2111 1182 2175 ficta
1205 2111 1272 2173 tris-

235 2233 321 2310 titia,
359 2233 520 2317 splendido
556 2233 679 2309 funere,
712 2232 872 2296 severitate
903 2233 933 2295 in
966 2231 1024 2294 reis
1055 2230 1272 2315 persequendis

237 2353 410 2416 Germanici
440 2352 559 2417 luctum
584 2361 614 2416 et
647 2352 831 2417 desiderium
866 2352 1020 2428 affectare,
1053 2350 1132 2414 nihil
1162 2351 1271 2414 horum

236 2473 407 2549 simulavit,
439 2473 492 2535 sed
520 2495 574 2556 pro
608 2494 692 2535 more
716 2473 813 2558 suo2)
837 2474 953 2536 cineres
981 2470 1126 2534 modestis
1151 2480 1269 2533 tantum

235 2590 386 2674 exsequiis
424 2589 599 2653 condendos
638 2591 772 2667 curavit,
808 2591 873 2674 ipse
908 2612 978 2653 cum
1015 2611 1108 2654 uxore
1149 2589 1272 2674 publico

236 2711 322 2774 luctu
347 2709 516 2787 abstinuit,
541 2720 711 2774 moerentes
735 2710 815 2774 cives
848 2709 947 2775 edicto
979 2711 1016 2773 ad
1041 2710 1164 2793 negotia
1191 2731 1273 2772 revo-

237 2830 333 2907 cavit,
359 2830 495 2893 damnati
520 2829 639 2892 Pisonis
664 2819 793 2914 poenam
817 2830 947 2906 levavit,
973 2829 1147 2893 Plancinam
1165 2829 1271 2891 matris

236 2972 309 3014 suae
340 2949 481 3034 precibus
505 2950 668 3025 concessit,
701 2949 825 3013 omnino
854 2948 940 3013 nulla
963 2950 995 3011 in
1018 2971 1050 3012 re
1077 2947 1272 3025 simulanter,

237 3077 343 3134 contre
373 3069 405 3133 iu
437 3069 578 3133 omuibus
610 3069 653 3132 sic
688 3091 719 3132 se
752 3069 863 3152 gessit,
888 3070 975 3152 quasi
999 3070 1187 3152 suspiciones
1211 3091 1272 3132 non

239 3190 398 3275 consopire
423 3189 476 3252 sed
500 3210 664 3272 provocare
688 3186 846 3252 voluisset.

285 3307 448 3391 Quidquid
480 3315 541 3384 est,
572 3315 626 3370 aut
657 3306 746 3370 fallor
778 3314 832 3370 aut
856 3329 1066 3390 quaecumque
1090 3307 1127 3370 de
1151 3306 1275 3370 Germa·

181 3513 186 3523 .
239 3426 307 3492 nico
331 3427 490 3510 hucusque
515 3426 593 3488 dixit
617 3426 726 3489 fecitne
749 3425 907 3502 Tiberius,
925 3426 1030 3511 quavis
1048 3425 1107 3488 alis
1130 3446 1275 3489 excausa

237 3556 330 3633 etque
360 3569 396 3611 ex
426 3545 497 3609 odio
529 3555 582 3608 aut
613 3546 729 3609 invidia
761 3546 942 3631 explicanda
965 3554 1054 3622 suut;
1087 3547 1130 3610 ita
1155 3547 1272 3609 utiam

273 3784 297 3836 1)
315 3784 414 3832 Accedit
440 3785 486 3832 lroc
503 3784 639 3848 exemplum
657 3785 700 3843 iis,
719 3802 778 3850 quae
797 3802 868 3849 supra
886 3786 956 3834 attuli
975 3791 1003 3834 ut
1027 3786 1152 3848 probarem
1174 3787 1274 3850 scripto·

238 3877 272 3927 ris
289 3880 413 3928 enuntiata
430 3880 458 3928 de
477 3881 561 3929 eodem
579 3880 675 3944 negotio
694 3881 738 3930 sibi
758 3897 827 3946 saepe
844 3897 892 3930 non
911 3888 1026 3929 constare.

274 3975 298 4036 2)
316 3975 411 4024 Solebat
436 3977 460 4024 iu
486 3977 630 4026 tristissimis
656 3979 760 4026 luctibus
785 3979 890 4027 Stoicam
912 3981 1026 4030 ἀπαθιὶαν
1048 3979 1173 4036 affectare,
1196 3981 1223 4026 ut
1247 3977 1270 4026 iu

240 4077 317 4121 morte
341 4073 413 4121 Drusi
438 4072 481 4121 filii
499 4079 523 4122 et
545 4074 650 4137 nepotis,
669 4075 700 4122 iv
728 4075 755 4131 8,
781 4075 827 4123 1)ἰο
854 4074 920 4123 Cass.
939 4073 981 4130 57.
997 4073 1036 4131 27,
1056 4073 1095 4131 57,
1117 4074 1155 4122 14.
1184 4073 1272 4122 Stolidi

239 4183 319 4216 osores
341 4168 395 4216 iude
417 4169 551 4219 efficiebant
574 4187 628 4218 eum
651 4171 727 4219 lilium
749 4187 843 4237 qnoque
868 4187 913 4219 nou
932 4170 1010 4240 patrie
1027 4170 1126 4219 caritate
1144 4170 1272 4238 dilexisse,

239 4267 266 4318 ut
283 4263 357 4319 refert
375 4264 442 4319 Suet.
460 4266 500 4321 52.
