3008 4920
735 417 772 480 77

236 622 426 687 brevioribus
450 620 681 686 excursionibus
709 621 743 684 in
769 620 917 699 Chattos;
941 628 1009 686 tum
1034 622 1117 686 mille
1140 622 1271 687 navibus

235 764 340 805 recens
372 740 538 805 aedificatis
571 762 675 804 omues
708 741 809 824 copias
841 762 895 824 per
925 741 1035 805 fossam
1064 741 1247 806 Drusianam
1259 789 1268 819 ,

234 861 393 926 Oceanum
427 869 457 925 et
485 861 651 938 Amisiam,
675 868 711 924 ut
735 861 890 944 superiore
915 883 1013 939 anno,
1038 863 1069 925 in
1094 862 1267 926 interiorem

234 971 430 1045 Germaniam
463 980 597 1044 deducit.
643 982 783 1043 Errotom
812 981 844 1042 r'n
871 1001 903 1043 eo
926 969 961 1042 Π
986 982 1023 1057 8,
1048 980 1132 1063 quod
1156 980 1269 1044 milites

231 1099 264 1162 in
295 1101 408 1162 beram
439 1099 535 1182 ripam
569 1119 606 1160 ex
636 1097 732 1163 classe
763 1095 941 1175 demiserat,
974 1097 1046 1188 bino
1076 1098 1180 1182 plures
1204 1097 1269 1162 dies

234 1217 398 1282 efficiendis
423 1216 569 1302 pontibus
594 1216 759 1300 absumpti.
806 1216 1006 1301 Progreditur
1029 1217 1067 1280 ad
1091 1217 1267 1302 Visurgim,

232 1336 345 1400 flumen
371 1337 480 1399 transit
505 1336 670 1418 funditque
695 1335 882 1412 Germanos,
907 1338 962 1420 qni
988 1337 1027 1400 ad
1050 1337 1147 1422 ripam
1172 1339 1267 1403 aciem

232 1454 451 1517 instruxerant.
500 1451 586 1516 Num
617 1474 687 1516 vero
719 1452 793 1533 haec
825 1453 918 1517 suerit
940 1475 1044 1536 maone
1067 1454 1207 1531 victorio,
1231 1462 1267 1518 ut

231 1577 274 1640 ait
298 1599 322 1642 c.
350 1579 405 1653 18,
439 1585 483 1641 cst
517 1577 599 1662 quod
632 1600 742 1662 neges3
776 1577 889 1641 etenim
912 1577 1075 1656 Germani,
1099 1586 1134 1642 ut
1158 1601 1268 1663 cogno·

232 1703 341 1760 verunt
373 1696 531 1760 Gaesarem
563 1704 722 1781 tropaeum
754 1698 891 1782 posuisse
926 1698 1081 1782 inscriptis
1117 1698 1266 1762 victarum

222 1833 225 1839 ’
232 1816 369 1899 gentium
395 1815 586 1894 nominibus,
611 1816 741 1880 redeunt
765 1823 796 1879 et
819 1817 956 1900 proximo
981 1817 1030 1881 die
1048 1824 1196 1881 renovant
1213 1840 1269 1902 pu·

231 1958 321 2019 gnam
346 1936 445 2020 priore
468 1935 567 2000 multo
591 1937 813 2014 cruentiorem,
833 1937 866 2000 in
890 1959 951 2020 quo
975 1938 1085 2022 equites
1104 1939 1265 2020 emtique

232 2062 389 2133 certavere,
400 2069 402 2073 ’
414 2055 632 2139 peditatusque
656 2055 792 2119 bostium
816 2055 873 2120 sub
894 2065 1015 2121 noctem
1032 2056 1156 2121 demum
1172 2080 1266 2121 reces-

233 2176 307 2240 sisse
331 2176 462 2240 videtur.
498 2176 629 2241 Reditus
653 2177 805 2242 difficilior
826 2178 915 2242 etiam
934 2187 964 2242 et
980 2180 1190 2244 aerumnosior
1205 2179 1265 2244 fuit

232 2317 324 2378 quam
354 2296 547 2380 praecedenti
582 2318 662 2361 anno
698 2297 912 2380 undarumque
950 2305 981 2362 et
1010 2300 1170 2367 ventorum
1205 2299 1266 2361 vio·

231 2415 327 2478 lentia
357 2416 441 2479 haud
472 2417 537 2480 sine
567 2417 712 2501 gravibus
745 2416 936 2481 detrimentis
965 2418 1090 2482 taudem
1114 2418 1266 2502 perfectus

233 2545 288 2599 est.
326 2537 417 2599 Anno
441 2537 473 2599 in
497 2537 587 2600 finem
607 2544 756 2620 vergente
786 2536 988 2600 Germanicus
1010 2538 1043 2601 in
1067 2537 1204 2615 Marsos,
1226 2538 1267 2601 le-

232 2663 323 2739 gatus
348 2655 380 2718 in
405 2654 533 2719 Chattos
557 2656 718 2742 irrumpit,
743 2657 814 2739 qui,
840 2679 936 2741 quum
960 2643 1069 2720 iterum
1095 2656 1132 2720 de
1156 2657 1267 2720 amissa

231 2777 326 2841 classe
357 2800 461 2841 rumor
493 2778 746 2862 percrebruisset,
772 2778 886 2843 bellum
910 2780 1048 2864 paraturi
1069 2779 1262 2844 videbantur.

232 2895 310 2960 Tum
333 2898 419 2961 miles
443 2898 475 2961 in
499 2897 627 2966 hiberna
651 2899 794 2962 reductus
824 2883 878 2963 est.
902 2898 937 2961 II
962 2901 1082 2962 6-25.

275 3016 380 3080 Retuli
411 3017 585 3081 Germanioi
613 3041 659 3081 res
686 3028 806 3103 gestas,
841 3026 879 3083 ut
905 3018 1032 3103 planum
1060 3019 1145 3083 fieret
1172 3041 1265 3104 quam

230 3135 309 3199 nibil
339 3143 385 3200 tot
416 3137 562 3221 impensis
592 3160 626 3201 ao
659 3138 833 3217 laboribus,
864 3144 951 3202 tanta
981 3138 1140 3202 hominum
1166 3146 1266 3223 strage

231 3254 370 3318 effectum
395 3264 492 3333 esset,
517 3256 577 3319 uisi
601 3257 658 3320 boo
681 3258 795 3336 fuerit,
817 3265 853 3322 ut
877 3266 1031 3322 constaret
1054 3259 1144 3322 etiam
1160 3258 1270 3322 Roma·

234 3400 343 3441 uorum
368 3401 441 3463 opes
464 3379 502 3442 ad
527 3379 695 3443 Germanos
720 3381 907 3465 subigendos
932 3380 1069 3444 deficere.

279 3499 344 3563 Iam
370 3502 493 3584 cognita
515 3500 629 3584 Tiberii
654 3502 831 3581 voluntate,
857 3525 874 3566 a
902 3501 1098 3586 supervacuis
1122 3501 1268 3585 expediti·

232 3619 343 3684 onibus
372 3621 576 3699 alienissima,
609 3614 769 3706 fdtendum
802 3629 865 3700 est,
889 3621 969 3686 nibil
993 3618 1021 3685 ei
1044 3621 1140 3705 magis
1164 3644 1199 3685 ex
1222 3622 1268 3684 in·

232 3740 307 3803 timo
338 3748 459 3824 pectore
490 3742 637 3827 scriptum
670 3764 735 3805 esse
762 3743 900 3826 potuisse
924 3763 1016 3824 quam
1041 3741 1125 3825 quod
1148 3741 1181 3804 in
1205 3741 1266 3826 epi·

232 3859 311 3922 stola
333 3860 480 3942 legimus:
505 3861 579 3924 ratis
602 3861 662 3924 rom
685 3868 844 3940 ereaturam,
861 3860 936 3926 aote'a
952 3885 1081 3925 caraem.
1119 3863 1265 3943 Prospero

231 3978 279 4041 illi
306 3983 334 4041 et
357 4001 462 4061 moqed
483 3981 617 4064 proelia:
640 3996 737 4044 eorem
761 4002 872 4065 quoque
895 3980 1081 4058 meminisset,
1099 3981 1266 4065 quaerenti

231 4104 259 4161 et
278 4100 408 4181 flector,
441 4101 524 4162 nudo
558 4100 641 4164 daria
674 4101 775 4182 respo,
804 4100 939 4182 praeto
971 4106 1068 4164 tomen
1098 4106 1127 4163 et
1156 4122 1264 4164 raeco

231 4219 356 4282 damna
383 4218 550 4283 intutiorem
570 4267 577 4284 .
595 4266 603 4284 .
621 4265 657 4284 ..
682 4221 771 4284 Pocae
792 4225 821 4284 et
855 4222 1010 4285 Cheruscos
1033 4225 1198 4304 ceterasque
1220 4242 1264 4284 re·
