<?xml version="1.0" encoding="UTF-8"?>
<!DOCTYPE html PUBLIC "-//W3C//DTD XHTML 1.0 Transitional//EN"
    "http://www.w3.org/TR/xhtml1/DTD/xhtml1-transitional.dtd">
<html xmlns="http://www.w3.org/1999/xhtml" xml:lang="en" lang="en">
 <head>
  <title>
</title>
<meta http-equiv="Content-Type" content="text/html;charset=utf-8" />
  <meta name='ocr-system' content='tesseract 3.04.00' />
  <meta name='ocr-capabilities' content='ocr_page ocr_carea ocr_par ocr_line ocrx_word'/>
</head>
<body>
  <div class='ocr_page' id='page_1' title='image "./depctacitifidei00karsgoog_0027.png"; bbox 0 0 3008 4920; ppageno 0'>
   <div class='ocr_carea' id='block_1_1' title="bbox 764 427 804 486">
    <p class='ocr_par' dir='ltr' id='par_1_1' title="bbox 764 427 804 486">
     <span class='ocr_line' id='line_1_1' title="bbox 764 427 804 486; baseline -0.025 0"><span class='ocrx_word' id='word_1_1' title='bbox 764 427 804 486; x_wconf 72' lang='lat' dir='ltr'>ll</span> 
     </span>
    </p>
   </div>
   <div class='ocr_carea' id='block_1_2' title="bbox 263 632 1301 1319">
    <p class='ocr_par' dir='ltr' id='par_1_2' title="bbox 263 632 1301 1319">
     <span class='ocr_line' id='line_1_2' title="bbox 263 632 1300 717; baseline 0.002 -22"><span class='ocrx_word' id='word_1_2' title='bbox 263 638 326 695; x_wconf 89' lang='lat' dir='ltr'>tam</span> <span class='ocrx_word' id='word_1_3' title='bbox 361 633 511 697; x_wconf 86' lang='lat' dir='ltr'>rationem</span> <span class='ocrx_word' id='word_1_4' title='bbox 542 632 580 696; x_wconf 89' lang='lat' dir='ltr'>ad</span> <span class='ocrx_word' id='word_1_5' title='bbox 612 632 792 717; x_wconf 82' lang='lat' dir='ltr'>explicanda</span> <span class='ocrx_word' id='word_1_6' title='bbox 823 632 907 696; x_wconf 88' lang='lat' dir='ltr'>illius</span> <span class='ocrx_word' id='word_1_7' title='bbox 939 632 1067 697; x_wconf 87' lang='lat' dir='ltr'>virtutes</span> <span class='ocrx_word' id='word_1_8' title='bbox 1090 655 1125 696; x_wconf 89' lang='lat' dir='ltr'>ac</span> <span class='ocrx_word' id='word_1_9' title='bbox 1149 633 1237 712; x_wconf 85' lang='lat' dir='ltr'>vitia,</span> <span class='ocrx_word' id='word_1_10' title='bbox 1262 633 1300 697; x_wconf 88' lang='lat' dir='ltr'>ad</span> 
     </span>
     <span class='ocr_line' id='line_1_3' title="bbox 264 748 1301 839; baseline 0.003 -24"><span class='ocrx_word' id='word_1_11' title='bbox 264 753 355 815; x_wconf 88' lang='lat' dir='ltr'>finem</span> <span class='ocrx_word' id='word_1_12' title='bbox 378 775 476 837; x_wconf 88' lang='lat' dir='ltr'>usque</span> <span class='ocrx_word' id='word_1_13' title='bbox 500 760 679 837; x_wconf 88' lang='lat' dir='ltr'>persecutus</span> <span class='ocrx_word' id='word_1_14' title='bbox 703 752 763 816; x_wconf 89' lang='lat' dir='ltr'>sit:</span> <span class='ocrx_word' id='word_1_15' title='bbox 785 748 932 831; x_wconf 84' lang='lat' dir='ltr'>„Morum</span> <span class='ocrx_word' id='word_1_16' title='bbox 955 774 1077 837; x_wconf 91' lang='lat' dir='ltr'>quoque</span> <span class='ocrx_word' id='word_1_17' title='bbox 1101 762 1239 839; x_wconf 89' lang='lat' dir='ltr'>tempora</span> <span class='ocrx_word' id='word_1_18' title='bbox 1253 754 1301 819; x_wconf 90' lang='lat' dir='ltr'>illi</span> 
     </span>
     <span class='ocr_line' id='line_1_4' title="bbox 263 873 1299 960; baseline 0.002 -22"><span class='ocrx_word' id='word_1_19' title='bbox 263 874 427 952; x_wconf 81' lang='lat' dir='ltr'>„diversaz</span> <span class='ocrx_word' id='word_1_20' title='bbox 460 875 615 958; x_wconf 84' lang='lat' dir='ltr'>egregium</span> <span class='ocrx_word' id='word_1_21' title='bbox 641 874 703 938; x_wconf 87' lang='lat' dir='ltr'>vita</span> <span class='ocrx_word' id='word_1_22' title='bbox 725 873 881 960; x_wconf 82' lang='lat' dir='ltr'>famaque,</span> <span class='ocrx_word' id='word_1_23' title='bbox 907 874 1009 960; x_wconf 86' lang='lat' dir='ltr'>quoad</span> <span class='ocrx_word' id='word_1_24' title='bbox 1034 876 1171 960; x_wconf 87' lang='lat' dir='ltr'>privatus</span> <span class='ocrx_word' id='word_1_25' title='bbox 1196 876 1243 941; x_wconf 85' lang='lat' dir='ltr'>vel</span> <span class='ocrx_word' id='word_1_26' title='bbox 1267 877 1299 940; x_wconf 92' lang='lat' dir='ltr'>in</span> 
     </span>
     <span class='ocr_line' id='line_1_5' title="bbox 264 970 1300 1079; baseline 0.002 -20"><span class='ocrx_word' id='word_1_27' title='bbox 264 994 422 1079; x_wconf 90' lang='lat' dir='ltr'>„imperiis</span> <span class='ocrx_word' id='word_1_28' title='bbox 453 994 511 1058; x_wconf 88' lang='lat' dir='ltr'>sub</span> <span class='ocrx_word' id='word_1_29' title='bbox 544 996 687 1078; x_wconf 86' lang='lat' dir='ltr'>Augusto</span> <span class='ocrx_word' id='word_1_30' title='bbox 719 994 795 1072; x_wconf 83' lang='lat' dir='ltr'>luit3</span> <span class='ocrx_word' id='word_1_31' title='bbox 820 970 976 1059; x_wconf 86' lang='lat' dir='ltr'>occultum</span> <span class='ocrx_word' id='word_1_32' title='bbox 1000 1017 1034 1059; x_wconf 88' lang='lat' dir='ltr'>ac</span> <span class='ocrx_word' id='word_1_33' title='bbox 1058 995 1221 1061; x_wconf 88' lang='lat' dir='ltr'>subdolum</span> <span class='ocrx_word' id='word_1_34' title='bbox 1246 998 1300 1061; x_wconf 84' lang='lat' dir='ltr'>fiu-</span> 
     </span>
     <span class='ocr_line' id='line_1_6' title="bbox 263 1112 1300 1199; baseline 0 -22"><span class='ocrx_word' id='word_1_35' title='bbox 263 1113 394 1198; x_wconf 89' lang='lat' dir='ltr'>„gendis</span> <span class='ocrx_word' id='word_1_36' title='bbox 425 1112 611 1189; x_wconf 88' lang='lat' dir='ltr'>virtutibus,</span> <span class='ocrx_word' id='word_1_37' title='bbox 645 1112 743 1177; x_wconf 88' lang='lat' dir='ltr'>donec</span> <span class='ocrx_word' id='word_1_38' title='bbox 767 1113 968 1178; x_wconf 84' lang='lat' dir='ltr'>Germanicus</span> <span class='ocrx_word' id='word_1_39' title='bbox 992 1135 1027 1177; x_wconf 91' lang='lat' dir='ltr'>ac</span> <span class='ocrx_word' id='word_1_40' title='bbox 1051 1113 1173 1178; x_wconf 83' lang='lat' dir='ltr'>Drusus</span> <span class='ocrx_word' id='word_1_41' title='bbox 1197 1136 1300 1199; x_wconf 90' lang='lat' dir='ltr'>super·</span> 
     </span>
     <span class='ocr_line' id='line_1_7' title="bbox 263 1234 1298 1319; baseline 0.002 -21"><span class='ocrx_word' id='word_1_42' title='bbox 263 1236 379 1313; x_wconf 81' lang='lat' dir='ltr'>„luera</span> <span class='ocrx_word' id='word_1_43' title='bbox 427 1234 514 1298; x_wconf 90' lang='lat' dir='ltr'>Idem</span> <span class='ocrx_word' id='word_1_44' title='bbox 538 1234 619 1298; x_wconf 89' lang='lat' dir='ltr'>inter</span> <span class='ocrx_word' id='word_1_45' title='bbox 635 1234 716 1301; x_wconf 89' lang='lat' dir='ltr'>bona</span> <span class='ocrx_word' id='word_1_46' title='bbox 731 1235 872 1319; x_wconf 87' lang='lat' dir='ltr'>malaque</span> <span class='ocrx_word' id='word_1_47' title='bbox 888 1235 1004 1298; x_wconf 81' lang='lat' dir='ltr'>mixtus</span> <span class='ocrx_word' id='word_1_48' title='bbox 1020 1234 1168 1299; x_wconf 88' lang='lat' dir='ltr'>incolumi</span> <span class='ocrx_word' id='word_1_49' title='bbox 1184 1244 1280 1300; x_wconf 85' lang='lat' dir='ltr'>matre</span> <span class='ocrx_word' id='word_1_50' title='bbox 1288 1262 1298 1314; x_wconf 66' lang='grc' dir='ltr'><strong><em>ς</em></strong></span> 
     </span>
    </p>
   </div>
   <div class='ocr_carea' id='block_1_3' title="bbox 256 1476 1311 2049">
    <p class='ocr_par' dir='ltr' id='par_1_3' title="bbox 256 1476 1311 2049">
     <span class='ocr_line' id='line_1_8' title="bbox 256 1476 1311 1561; baseline 0.002 -20"><span class='ocrx_word' id='word_1_51' title='bbox 256 1500 354 1555; x_wconf 90' lang='lat' dir='ltr'>„num</span> <span class='ocrx_word' id='word_1_52' title='bbox 385 1476 494 1541; x_wconf 82' lang='lat' dir='ltr'>dilexit</span> <span class='ocrx_word' id='word_1_53' title='bbox 517 1477 674 1555; x_wconf 88' lang='lat' dir='ltr'>timuitve;</span> <span class='ocrx_word' id='word_1_54' title='bbox 700 1486 853 1561; x_wconf 85' lang='lat' dir='ltr'>postremo</span> <span class='ocrx_word' id='word_1_55' title='bbox 882 1477 914 1541; x_wconf 92' lang='lat' dir='ltr'>in</span> <span class='ocrx_word' id='word_1_56' title='bbox 939 1477 1051 1541; x_wconf 85' lang='lat' dir='ltr'>scelera</span> <span class='ocrx_word' id='word_1_57' title='bbox 1075 1478 1170 1542; x_wconf 91' lang='lat' dir='ltr'>simul</span> <span class='ocrx_word' id='word_1_58' title='bbox 1193 1501 1227 1542; x_wconf 88' lang='lat' dir='ltr'>ac</span> <span class='ocrx_word' id='word_1_59' title='bbox 1247 1480 1311 1556; x_wconf 51' lang='lat' dir='ltr'>des</span> 
     </span>
     <span class='ocr_line' id='line_1_9' title="bbox 260 1596 1298 1681; baseline 0.003 -22"><span class='ocrx_word' id='word_1_60' title='bbox 260 1597 393 1675; x_wconf 89' lang='lat' dir='ltr'>„decora</span> <span class='ocrx_word' id='word_1_61' title='bbox 424 1596 584 1681; x_wconf 77' lang='lat' dir='ltr'><strong>prorupit,</strong></span> <span class='ocrx_word' id='word_1_62' title='bbox 616 1604 780 1681; x_wconf 82' lang='lat' dir='ltr'><strong>postquam</strong></span> <span class='ocrx_word' id='word_1_63' title='bbox 803 1605 920 1661; x_wconf 88' lang='lat' dir='ltr'>remoto</span> <span class='ocrx_word' id='word_1_64' title='bbox 943 1597 1061 1681; x_wconf 88' lang='lat' dir='ltr'>pudore</span> <span class='ocrx_word' id='word_1_65' title='bbox 1085 1606 1116 1662; x_wconf 86' lang='lat' dir='ltr'>et</span> <span class='ocrx_word' id='word_1_66' title='bbox 1137 1606 1222 1662; x_wconf 89' lang='lat' dir='ltr'>metu</span> <span class='ocrx_word' id='word_1_67' title='bbox 1245 1620 1298 1662; x_wconf 80' lang='lat' dir='ltr'>sco</span> 
     </span>
     <span class='ocr_line' id='line_1_10' title="bbox 258 1715 1298 1803; baseline 0.003 -24"><span class='ocrx_word' id='word_1_68' title='bbox 258 1722 393 1795; x_wconf 82' lang='lat' dir='ltr'>„tantam</span> <span class='ocrx_word' id='word_1_69' title='bbox 415 1717 530 1800; x_wconf 69' lang='lat' dir='ltr'>inperito</span> <span class='ocrx_word' id='word_1_70' title='bbox 553 1716 719 1780; x_wconf 78' lang='lat' dir='ltr'>utebatur.&#39;&#39;</span> <span class='ocrx_word' id='word_1_71' title='bbox 737 1715 783 1779; x_wconf 83' lang='lat' dir='ltr'>VI</span> <span class='ocrx_word' id='word_1_72' title='bbox 798 1717 850 1781; x_wconf 88' lang='lat' dir='ltr'>fin.</span> <span class='ocrx_word' id='word_1_73' title='bbox 887 1716 971 1781; x_wconf 86' lang='lat' dir='ltr'>Haec</span> <span class='ocrx_word' id='word_1_74' title='bbox 992 1717 1105 1781; x_wconf 88' lang='lat' dir='ltr'>solutio</span> <span class='ocrx_word' id='word_1_75' title='bbox 1122 1756 1166 1767; x_wconf 94' lang='lat'><em>-</em></span> <span class='ocrx_word' id='word_1_76' title='bbox 1182 1741 1218 1782; x_wconf 82' lang='lat' dir='ltr'>ex</span> <span class='ocrx_word' id='word_1_77' title='bbox 1235 1741 1298 1803; x_wconf 90' lang='lat' dir='ltr'>qna</span> 
     </span>
     <span class='ocr_line' id='line_1_11' title="bbox 257 1840 1297 1928; baseline 0.003 -24"><span class='ocrx_word' id='word_1_78' title='bbox 257 1841 397 1906; x_wconf 79' lang='lat' dir='ltr'>Tiberius</span> <span class='ocrx_word' id='word_1_79' title='bbox 429 1840 467 1904; x_wconf 90' lang='lat' dir='ltr'>ad</span> <span class='ocrx_word' id='word_1_80' title='bbox 500 1845 540 1908; x_wconf 81' lang='lat'>57</span> <span class='ocrx_word' id='word_1_81' title='bbox 573 1842 683 1905; x_wconf 86' lang='lat' dir='ltr'>aetatis</span> <span class='ocrx_word' id='word_1_82' title='bbox 714 1864 828 1906; x_wconf 88' lang='lat' dir='ltr'>annum</span> <span class='ocrx_word' id='word_1_83' title='bbox 857 1846 941 1925; x_wconf 86' lang='lat' dir='ltr'>(nam</span> <span class='ocrx_word' id='word_1_84' title='bbox 965 1849 1031 1906; x_wconf 88' lang='lat' dir='ltr'>tum</span> <span class='ocrx_word' id='word_1_85' title='bbox 1056 1843 1178 1907; x_wconf 91' lang='lat' dir='ltr'>demum</span> <span class='ocrx_word' id='word_1_86' title='bbox 1203 1844 1297 1928; x_wconf 91' lang='lat' dir='ltr'>impe·</span> 
     </span>
     <span class='ocr_line' id='line_1_12' title="bbox 257 1961 1295 2049; baseline 0.001 -24"><span class='ocrx_word' id='word_1_87' title='bbox 257 1961 335 2026; x_wconf 88' lang='lat' dir='ltr'>rium</span> <span class='ocrx_word' id='word_1_88' title='bbox 358 1961 499 2047; x_wconf 86' lang='lat' dir='ltr'>¹adeptus</span> <span class='ocrx_word' id='word_1_89' title='bbox 530 1965 588 2046; x_wconf 87' lang='lat' dir='ltr'>est)</span> <span class='ocrx_word' id='word_1_90' title='bbox 618 1962 677 2026; x_wconf 88' lang='lat' dir='ltr'>luit</span> <span class='ocrx_word' id='word_1_91' title='bbox 710 1963 839 2045; x_wconf 72' lang='lat' dir='ltr'>eprepics</span> <span class='ocrx_word' id='word_1_92' title='bbox 869 1964 931 2026; x_wconf 83' lang='lat' dir='ltr'>cita</span> <span class='ocrx_word' id='word_1_93' title='bbox 948 1964 1112 2049; x_wconf 81' lang='lat' dir='ltr'><em>famaque,</em></span> <span class='ocrx_word' id='word_1_94' title='bbox 1137 1972 1229 2048; x_wconf 86' lang='lat' dir='ltr'>atque</span> <span class='ocrx_word' id='word_1_95' title='bbox 1255 1966 1295 2028; x_wconf 78' lang='lat'>72</span> 
     </span>
    </p>
   </div>
   <div class='ocr_carea' id='block_1_4' title="bbox 258 2067 1375 2168">
    <p class='ocr_par' dir='ltr' id='par_1_4' title="bbox 258 2067 1375 2168">
     <span class='ocr_line' id='line_1_13' title="bbox 258 2067 1375 2168; baseline 0.002 -22"><span class='ocrx_word' id='word_1_96' title='bbox 258 2083 367 2147; x_wconf 88' lang='lat' dir='ltr'>aetatis</span> <span class='ocrx_word' id='word_1_97' title='bbox 398 2105 479 2149; x_wconf 91' lang='lat' dir='ltr'>anno</span> <span class='ocrx_word' id='word_1_98' title='bbox 510 2082 636 2147; x_wconf 87' lang='lat' dir='ltr'>tandem</span> <span class='ocrx_word' id='word_1_99' title='bbox 666 2105 718 2147; x_wconf 78' lang='lat' dir='ltr'>suc</span> <span class='ocrx_word' id='word_1_100' title='bbox 751 2082 797 2146; x_wconf 89' lang='lat' dir='ltr'>uti</span> <span class='ocrx_word' id='word_1_101' title='bbox 821 2083 923 2168; x_wconf 87' lang='lat' dir='ltr'>coepit</span> <span class='ocrx_word' id='word_1_102' title='bbox 952 2083 1083 2166; x_wconf 68' lang='lat' dir='ltr'>inqendo,</span> <span class='ocrx_word' id='word_1_103' title='bbox 1117 2083 1191 2148; x_wconf 89' lang='lat' dir='ltr'>dum</span> <span class='ocrx_word' id='word_1_104' title='bbox 1214 2085 1296 2149; x_wconf 86' lang='lat' dir='ltr'>iutra</span> <span class='ocrx_word' id='word_1_105' title='bbox 1373 2067 1375 2072; x_wconf 29' lang='lat'><strong>¹</strong></span> 
     </span>
    </p>
   </div>
   <div class='ocr_carea' id='block_1_5' title="bbox 256 2202 1296 3974">
    <p class='ocr_par' dir='ltr' id='par_1_5' title="bbox 257 2202 1296 3371">
     <span class='ocr_line' id='line_1_14' title="bbox 257 2202 1296 2288; baseline 0.002 -23"><span class='ocrx_word' id='word_1_106' title='bbox 257 2202 336 2266; x_wconf 89' lang='lat' dir='ltr'>illud</span> <span class='ocrx_word' id='word_1_107' title='bbox 360 2210 481 2287; x_wconf 89' lang='lat' dir='ltr'>tempus</span> <span class='ocrx_word' id='word_1_108' title='bbox 506 2203 635 2266; x_wconf 88' lang='lat' dir='ltr'>virtutes</span> <span class='ocrx_word' id='word_1_109' title='bbox 648 2202 745 2285; x_wconf 76' lang='lat' dir='ltr'>finali</span> <span class='ocrx_word' id='word_1_110' title='bbox 764 2210 818 2266; x_wconf 90' lang='lat' dir='ltr'>aut</span> <span class='ocrx_word' id='word_1_111' title='bbox 838 2202 912 2266; x_wconf 87' lang='lat' dir='ltr'>vitia</span> <span class='ocrx_word' id='word_1_112' title='bbox 932 2203 1101 2287; x_wconf 86' lang='lat' dir='ltr'>oppressit,</span> <span class='ocrx_word' id='word_1_113' title='bbox 1122 2202 1216 2288; x_wconf 86' lang='lat' dir='ltr'>idque</span> <span class='ocrx_word' id='word_1_114' title='bbox 1234 2226 1296 2268; x_wconf 93' lang='lat' dir='ltr'>non</span> 
     </span>
     <span class='ocr_line' id='line_1_15' title="bbox 257 2321 1294 2408; baseline 0 -22"><span class='ocrx_word' id='word_1_115' title='bbox 257 2323 389 2387; x_wconf 88' lang='lat' dir='ltr'>filiorum</span> <span class='ocrx_word' id='word_1_116' title='bbox 422 2329 543 2386; x_wconf 80' lang='lat' dir='ltr'>tontum</span> <span class='ocrx_word' id='word_1_117' title='bbox 573 2321 627 2386; x_wconf 86' lang='lat' dir='ltr'>sed</span> <span class='ocrx_word' id='word_1_118' title='bbox 654 2322 760 2386; x_wconf 85' lang='lat' dir='ltr'>matris</span> <span class='ocrx_word' id='word_1_119' title='bbox 784 2321 890 2386; x_wconf 80' lang='lat' dir='ltr'>Liviae</span> <span class='ocrx_word' id='word_1_120' title='bbox 914 2330 945 2386; x_wconf 86' lang='lat' dir='ltr'>at</span> <span class='ocrx_word' id='word_1_121' title='bbox 967 2321 1069 2385; x_wconf 86' lang='lat' dir='ltr'>Seiani</span> <span class='ocrx_word' id='word_1_122' title='bbox 1093 2344 1216 2408; x_wconf 91' lang='lat' dir='ltr'>quoque</span> <span class='ocrx_word' id='word_1_123' title='bbox 1240 2345 1294 2406; x_wconf 86' lang='lat' dir='ltr'>pu·</span> 
     </span>
     <span class='ocr_line' id='line_1_16' title="bbox 257 2441 1294 2527; baseline 0 -22"><span class='ocrx_word' id='word_1_124' title='bbox 257 2443 392 2506; x_wconf 85' lang='lat' dir='ltr'>dore-</span> <span class='ocrx_word' id='word_1_125' title='bbox 417 2441 526 2527; x_wconf 90' lang='lat' dir='ltr'>probat</span> <span class='ocrx_word' id='word_1_126' title='bbox 532 2491 541 2520; x_wconf 95' lang='lat'>,</span> <span class='ocrx_word' id='word_1_127' title='bbox 562 2441 704 2506; x_wconf 81' lang='lat' dir='ltr'>Tacitum</span> <span class='ocrx_word' id='word_1_128' title='bbox 724 2443 756 2505; x_wconf 90' lang='lat' dir='ltr'>in</span> <span class='ocrx_word' id='word_1_129' title='bbox 776 2441 914 2522; x_wconf 78' lang='lat' dir='ltr'>Tiberio,</span> <span class='ocrx_word' id='word_1_130' title='bbox 928 2464 1014 2527; x_wconf 82' lang='lat' dir='ltr'>aquo</span> <span class='ocrx_word' id='word_1_131' title='bbox 1034 2447 1160 2525; x_wconf 79' lang='lat' dir='ltr'>tempore</span> <span class='ocrx_word' id='word_1_132' title='bbox 1176 2465 1294 2525; x_wconf 67' lang='lat' dir='ltr'>requam</span> 
     </span>
     <span class='ocr_line' id='line_1_17' title="bbox 258 2561 1293 2647; baseline 0.002 -21"><span class='ocrx_word' id='word_1_133' title='bbox 258 2568 462 2647; x_wconf 70' lang='lat' dir='ltr'>adoptasset,</span> <span class='ocrx_word' id='word_1_134' title='bbox 488 2564 590 2627; x_wconf 90' lang='lat' dir='ltr'>omnia</span> <span class='ocrx_word' id='word_1_135' title='bbox 614 2563 756 2627; x_wconf 84' lang='lat' dir='ltr'>retulisse</span> <span class='ocrx_word' id='word_1_136' title='bbox 780 2561 819 2626; x_wconf 87' lang='lat' dir='ltr'>ad</span> <span class='ocrx_word' id='word_1_137' title='bbox 842 2562 1052 2626; x_wconf 72' lang='lat' dir='ltr'>simulationem</span> <span class='ocrx_word' id='word_1_138' title='bbox 1076 2570 1107 2626; x_wconf 93' lang='lat' dir='ltr'>et</span> <span class='ocrx_word' id='word_1_139' title='bbox 1122 2565 1293 2643; x_wconf 77' lang='lat' dir='ltr'>caeciliam,</span> 
     </span>
     <span class='ocr_line' id='line_1_18' title="bbox 259 2681 1295 2768; baseline -0.002 -21"><span class='ocrx_word' id='word_1_140' title='bbox 259 2706 337 2768; x_wconf 90' lang='lat' dir='ltr'>quae</span> <span class='ocrx_word' id='word_1_141' title='bbox 367 2684 464 2760; x_wconf 87' lang='lat' dir='ltr'>ratio,</span> <span class='ocrx_word' id='word_1_142' title='bbox 494 2705 589 2767; x_wconf 89' lang='lat' dir='ltr'>quum</span> <span class='ocrx_word' id='word_1_143' title='bbox 615 2705 649 2747; x_wconf 83' lang='lat' dir='ltr'>en</span> <span class='ocrx_word' id='word_1_144' title='bbox 673 2704 851 2766; x_wconf 85' lang='lat' dir='ltr'>praegressa</span> <span class='ocrx_word' id='word_1_145' title='bbox 873 2681 973 2750; x_wconf 81' lang='lat' dir='ltr'>Taciti</span> <span class='ocrx_word' id='word_1_146' title='bbox 996 2682 1170 2747; x_wconf 79' lang='lat' dir='ltr'>narratione</span> <span class='ocrx_word' id='word_1_147' title='bbox 1194 2704 1295 2747; x_wconf 86' lang='lat' dir='ltr'>neces·</span> 
     </span>
     <span class='ocr_line' id='line_1_19' title="bbox 258 2801 1292 2889; baseline -0.002 -21"><span class='ocrx_word' id='word_1_148' title='bbox 258 2805 338 2869; x_wconf 86' lang='lat' dir='ltr'>sario</span> <span class='ocrx_word' id='word_1_149' title='bbox 358 2813 516 2889; x_wconf 88' lang='lat' dir='ltr'>sequatur,</span> <span class='ocrx_word' id='word_1_150' title='bbox 538 2803 616 2866; x_wconf 85' lang='lat' dir='ltr'>hanc</span> <span class='ocrx_word' id='word_1_151' title='bbox 633 2803 731 2886; x_wconf 87' lang='lat' dir='ltr'>ipsam</span> <span class='ocrx_word' id='word_1_152' title='bbox 750 2802 789 2866; x_wconf 92' lang='lat' dir='ltr'>ob</span> <span class='ocrx_word' id='word_1_153' title='bbox 809 2824 932 2865; x_wconf 88' lang='lat' dir='ltr'>causam</span> <span class='ocrx_word' id='word_1_154' title='bbox 949 2809 1046 2866; x_wconf 86' lang='lat' dir='ltr'>totam</span> <span class='ocrx_word' id='word_1_155' title='bbox 1058 2801 1292 2886; x_wconf 81' lang='lat' dir='ltr'>descriptionem</span> 
     </span>
     <span class='ocr_line' id='line_1_20' title="bbox 258 2924 1293 3009; baseline -0.003 -19"><span class='ocrx_word' id='word_1_156' title='bbox 258 2926 458 3003; x_wconf 83' lang='lat' dir='ltr'>condemnat,</span> <span class='ocrx_word' id='word_1_157' title='bbox 480 2936 527 2988; x_wconf 89' lang='lat' dir='ltr'>est</span> <span class='ocrx_word' id='word_1_158' title='bbox 547 2925 626 2988; x_wconf 91' lang='lat' dir='ltr'>enim</span> <span class='ocrx_word' id='word_1_159' title='bbox 644 2931 705 2988; x_wconf 88' lang='lat' dir='ltr'>tam</span> <span class='ocrx_word' id='word_1_160' title='bbox 728 2946 835 3009; x_wconf 84' lang='lat' dir='ltr'>parum</span> <span class='ocrx_word' id='word_1_161' title='bbox 855 2924 1045 3003; x_wconf 88' lang='lat' dir='ltr'>verisimilis,</span> <span class='ocrx_word' id='word_1_162' title='bbox 1066 2932 1128 2989; x_wconf 88' lang='lat' dir='ltr'>tam</span> <span class='ocrx_word' id='word_1_163' title='bbox 1141 2924 1293 2989; x_wconf 86' lang='lat' dir='ltr'>contraria</span> 
     </span>
     <span class='ocr_line' id='line_1_21' title="bbox 258 3044 1292 3130; baseline -0.002 -20"><span class='ocrx_word' id='word_1_164' title='bbox 258 3048 417 3111; x_wconf 89' lang='lat' dir='ltr'>hominnm</span> <span class='ocrx_word' id='word_1_165' title='bbox 439 3053 585 3122; x_wconf 84' lang='lat' dir='ltr'>naturae,</span> <span class='ocrx_word' id='word_1_166' title='bbox 611 3052 645 3109; x_wconf 89' lang='lat' dir='ltr'>nt</span> <span class='ocrx_word' id='word_1_167' title='bbox 667 3045 733 3130; x_wconf 90' lang='lat' dir='ltr'>ipse</span> <span class='ocrx_word' id='word_1_168' title='bbox 756 3044 921 3122; x_wconf 81' lang='lat' dir='ltr'>Paschius,</span> <span class='ocrx_word' id='word_1_169' title='bbox 937 3045 961 3128; x_wconf 87' lang='grc'>1)</span> <span class='ocrx_word' id='word_1_170' title='bbox 985 3044 1039 3129; x_wconf 90' lang='lat' dir='ltr'>qui</span> <span class='ocrx_word' id='word_1_171' title='bbox 1052 3045 1084 3109; x_wconf 90' lang='lat' dir='ltr'>in</span> <span class='ocrx_word' id='word_1_172' title='bbox 1097 3045 1204 3109; x_wconf 86' lang='lat' dir='ltr'>ceteris</span> <span class='ocrx_word' id='word_1_173' title='bbox 1222 3045 1292 3109; x_wconf 91' lang='lat' dir='ltr'>uul-</span> 
     </span>
     <span class='ocr_line' id='line_1_22' title="bbox 257 3164 1291 3250; baseline -0.003 -18"><span class='ocrx_word' id='word_1_174' title='bbox 257 3168 313 3232; x_wconf 91' lang='lat' dir='ltr'>libi</span> <span class='ocrx_word' id='word_1_175' title='bbox 345 3167 382 3231; x_wconf 88' lang='lat' dir='ltr'>ab</span> <span class='ocrx_word' id='word_1_176' title='bbox 414 3174 537 3230; x_wconf 88' lang='lat' dir='ltr'>auctore</span> <span class='ocrx_word' id='word_1_177' title='bbox 568 3164 721 3242; x_wconf 79' lang='lat' dir='ltr'>discessit,</span> <span class='ocrx_word' id='word_1_178' title='bbox 755 3164 846 3228; x_wconf 84' lang='lat' dir='ltr'>aliam</span> <span class='ocrx_word' id='word_1_179' title='bbox 878 3167 924 3248; x_wconf 87' lang='lat' dir='ltr'>(ut</span> <span class='ocrx_word' id='word_1_180' title='bbox 958 3186 1079 3243; x_wconf 87' lang='lat' dir='ltr'>vereor,</span> <span class='ocrx_word' id='word_1_181' title='bbox 1111 3165 1291 3250; x_wconf 88' lang='lat' dir='ltr'>neutiquam</span> 
     </span>
     <span class='ocr_line' id='line_1_23' title="bbox 258 3282 1045 3371; baseline 0 -22"><span class='ocrx_word' id='word_1_182' title='bbox 258 3285 504 3371; x_wconf 80' lang='lat' dir='ltr'>probabiliorem)</span> <span class='ocrx_word' id='word_1_183' title='bbox 535 3282 764 3369; x_wconf 79' lang='lat' dir='ltr'>supponendam</span> <span class='ocrx_word' id='word_1_184' title='bbox 793 3306 858 3347; x_wconf 88' lang='lat' dir='ltr'>esse</span> <span class='ocrx_word' id='word_1_185' title='bbox 881 3285 1045 3349; x_wconf 82' lang='lat' dir='ltr'>censuerit.</span> 
     </span>
    </p>

    <p class='ocr_par' dir='ltr' id='par_1_6' title="bbox 256 3404 1293 3974">
     <span class='ocr_line' id='line_1_24' title="bbox 300 3404 1293 3491; baseline -0.001 -21"><span class='ocrx_word' id='word_1_186' title='bbox 300 3407 478 3491; x_wconf 73' lang='lat' dir='ltr'>‘Disputatis</span> <span class='ocrx_word' id='word_1_187' title='bbox 508 3406 592 3470; x_wconf 89' lang='lat' dir='ltr'>hisce</span> <span class='ocrx_word' id='word_1_188' title='bbox 620 3443 665 3454; x_wconf 92' lang='lat'><em>-</em></span> <span class='ocrx_word' id='word_1_189' title='bbox 695 3404 733 3468; x_wconf 93' lang='lat' dir='ltr'>de</span> <span class='ocrx_word' id='word_1_190' title='bbox 764 3405 895 3469; x_wconf 86' lang='lat' dir='ltr'>fontium</span> <span class='ocrx_word' id='word_1_191' title='bbox 924 3404 1115 3483; x_wconf 87' lang='lat' dir='ltr'>conditione,</span> <span class='ocrx_word' id='word_1_192' title='bbox 1139 3405 1177 3468; x_wconf 92' lang='lat' dir='ltr'>de</span> <span class='ocrx_word' id='word_1_193' title='bbox 1201 3405 1293 3469; x_wconf 87' lang='lat' dir='ltr'>tradi·</span> 
     </span>
     <span class='ocr_line' id='line_1_25' title="bbox 256 3523 1292 3610; baseline -0.005 -19"><span class='ocrx_word' id='word_1_194' title='bbox 256 3527 356 3604; x_wconf 91' lang='lat' dir='ltr'>tione,</span> <span class='ocrx_word' id='word_1_195' title='bbox 387 3526 486 3610; x_wconf 89' lang='lat' dir='ltr'>deque</span> <span class='ocrx_word' id='word_1_196' title='bbox 505 3525 603 3589; x_wconf 78' lang='lat' dir='ltr'>Taciti</span> <span class='ocrx_word' id='word_1_197' title='bbox 620 3524 714 3588; x_wconf 87' lang='lat' dir='ltr'>animi</span> <span class='ocrx_word' id='word_1_198' title='bbox 734 3532 765 3588; x_wconf 90' lang='lat' dir='ltr'>et</span> <span class='ocrx_word' id='word_1_199' title='bbox 784 3525 900 3610; x_wconf 84' lang='lat' dir='ltr'>ingenii</span> <span class='ocrx_word' id='word_1_200' title='bbox 918 3523 1077 3588; x_wconf 90' lang='lat' dir='ltr'>nonnullis</span> <span class='ocrx_word' id='word_1_201' title='bbox 1097 3525 1228 3610; x_wconf 88' lang='lat' dir='ltr'>propriis</span> <span class='ocrx_word' id='word_1_202' title='bbox 1246 3562 1292 3573; x_wconf 92' lang='lat'><em>—</em></span> 
     </span>
     <span class='ocr_line' id='line_1_26' title="bbox 257 3643 1292 3733; baseline -0.005 -21"><span class='ocrx_word' id='word_1_203' title='bbox 257 3671 336 3733; x_wconf 84' lang='lat' dir='ltr'>quae</span> <span class='ocrx_word' id='word_1_204' title='bbox 377 3646 581 3732; x_wconf 84' lang='lat' dir='ltr'>explicarent,</span> <span class='ocrx_word' id='word_1_205' title='bbox 609 3667 665 3711; x_wconf 84' lang='lat' dir='ltr'>eur</span> <span class='ocrx_word' id='word_1_206' title='bbox 700 3653 826 3722; x_wconf 88' lang='lat' dir='ltr'>auctor,</span> <span class='ocrx_word' id='word_1_207' title='bbox 862 3645 916 3729; x_wconf 90' lang='lat' dir='ltr'>qui</span> <span class='ocrx_word' id='word_1_208' title='bbox 950 3645 1016 3708; x_wconf 87' lang='lat' dir='ltr'>sine</span> <span class='ocrx_word' id='word_1_209' title='bbox 1046 3643 1092 3708; x_wconf 88' lang='lat' dir='ltr'>ira</span> <span class='ocrx_word' id='word_1_210' title='bbox 1124 3654 1154 3708; x_wconf 87' lang='lat' dir='ltr'>ct</span> <span class='ocrx_word' id='word_1_211' title='bbox 1188 3644 1292 3708; x_wconf 89' lang='lat' dir='ltr'>studio</span> 
     </span>
     <span class='ocr_line' id='line_1_27' title="bbox 258 3764 1292 3854; baseline -0.004 -21"><span class='ocrx_word' id='word_1_212' title='bbox 258 3769 414 3854; x_wconf 86' lang='lat' dir='ltr'>scripsisse</span> <span class='ocrx_word' id='word_1_213' title='bbox 445 3790 477 3831; x_wconf 90' lang='lat' dir='ltr'>se</span> <span class='ocrx_word' id='word_1_214' title='bbox 500 3768 654 3854; x_wconf 87' lang='lat' dir='ltr'>professus</span> <span class='ocrx_word' id='word_1_215' title='bbox 677 3774 738 3844; x_wconf 87' lang='lat' dir='ltr'>est,</span> <span class='ocrx_word' id='word_1_216' title='bbox 763 3774 865 3829; x_wconf 84' lang='lat' dir='ltr'>tamen</span> <span class='ocrx_word' id='word_1_217' title='bbox 889 3766 920 3829; x_wconf 94' lang='lat' dir='ltr'>in</span> <span class='ocrx_word' id='word_1_218' title='bbox 945 3787 1060 3829; x_wconf 85' lang='lat' dir='ltr'>errores</span> <span class='ocrx_word' id='word_1_219' title='bbox 1083 3764 1218 3829; x_wconf 84' lang='lat' dir='ltr'>incidere</span> <span class='ocrx_word' id='word_1_220' title='bbox 1240 3788 1292 3851; x_wconf 91' lang='lat' dir='ltr'>po·</span> 
     </span>
     <span class='ocr_line' id='line_1_28' title="bbox 257 3887 965 3974; baseline -0.004 -20"><span class='ocrx_word' id='word_1_221' title='bbox 257 3890 369 3967; x_wconf 84' lang='lat' dir='ltr'>tuerit,</span> <span class='ocrx_word' id='word_1_222' title='bbox 394 3888 433 3952; x_wconf 89' lang='lat' dir='ltr'>ad</span> <span class='ocrx_word' id='word_1_223' title='bbox 456 3887 594 3974; x_wconf 87' lang='lat' dir='ltr'>singulas</span> <span class='ocrx_word' id='word_1_224' title='bbox 617 3887 812 3971; x_wconf 90' lang='lat' dir='ltr'>quaestiones</span> <span class='ocrx_word' id='word_1_225' title='bbox 835 3894 965 3951; x_wconf 84' lang='lat' dir='ltr'>transeo.</span> 
     </span>
    </p>
   </div>
   <div class='ocr_carea' id='block_1_6' title="bbox 291 4127 949 4193">
    <p class='ocr_par' dir='ltr' id='par_1_7' title="bbox 291 4127 949 4193">
     <span class='ocr_line' id='line_1_29' title="bbox 291 4127 949 4193; baseline -0.008 -12"><span class='ocrx_word' id='word_1_226' title='bbox 291 4133 315 4185; x_wconf 87' lang='grc'>1)</span> <span class='ocrx_word' id='word_1_227' title='bbox 333 4131 380 4180; x_wconf 80' lang='lat' dir='ltr'>Zur</span> <span class='ocrx_word' id='word_1_228' title='bbox 399 4129 477 4180; x_wconf 79' lang='lat' dir='ltr'>llritik</span> <span class='ocrx_word' id='word_1_229' title='bbox 495 4131 538 4180; x_wconf 83' lang='lat' dir='ltr'>dar</span> <span class='ocrx_word' id='word_1_230' title='bbox 555 4129 640 4182; x_wconf 82' lang='lat' dir='ltr'>Gesch.</span> <span class='ocrx_word' id='word_1_231' title='bbox 658 4127 700 4178; x_wconf 83' lang='lat' dir='ltr'>des</span> <span class='ocrx_word' id='word_1_232' title='bbox 717 4128 746 4178; x_wconf 89' lang='lat' dir='ltr'>ll.</span> <span class='ocrx_word' id='word_1_233' title='bbox 763 4127 831 4186; x_wconf 68' lang='lat' dir='ltr'>Tib„</span> <span class='ocrx_word' id='word_1_234' title='bbox 851 4145 873 4193; x_wconf 89' lang='lat' dir='ltr'>p.</span> <span class='ocrx_word' id='word_1_235' title='bbox 892 4127 949 4181; x_wconf 76' lang='grc'>127.</span> 
     </span>
    </p>
   </div>
   <div class='ocr_carea' id='block_1_7' title="bbox 674 4317 843 4341">
    <p class='ocr_par' dir='ltr' id='par_1_8' title="bbox 674 4317 843 4341">
     <span class='ocr_line' id='line_1_30' title="bbox 674 4317 843 4341; baseline -0.018 0"><span class='ocrx_word' id='word_1_236' title='bbox 674 4317 843 4341; x_wconf 49' lang='lat' dir='ltr'>*mmm-v·</span> 
     </span>
    </p>
   </div>
   <div class='ocr_carea' id='block_1_8' title="bbox 0 0 1508 4920">
    <p class='ocr_par' dir='ltr' id='par_1_9' title="bbox 0 0 1508 4920">
     <span class='ocr_line' id='line_1_31' title="bbox 0 0 1508 4920; baseline 0 1"><span class='ocrx_word' id='word_1_237' title='bbox 0 0 1508 4920; x_wconf 95' lang='lat' dir='ltr'> </span> 
     </span>
    </p>
   </div>
  </div>
 </body>
</html>
