3008 4920
741 443 781 504 18

237 649 318 733 ptori
350 671 382 712 se
412 649 542 728 obtulit,
577 674 691 736 quum,
720 674 752 716 re
774 651 912 715 nondum
938 660 1078 715 accurate
1103 653 1274 737 pensitato,

237 769 269 832 in
306 770 407 854 operis
447 770 570 834 exordio
608 772 692 835 varia
729 771 856 835 crimina
876 772 921 834 in
960 770 1077 835 Liviam
1115 773 1274 858 filiumque

240 899 434 975 congereret,
466 891 519 955 sed
550 914 640 975 quem
674 892 803 977 sprevit,
829 912 926 976 quum
950 893 1092 976 aequiore
1117 894 1218 957 animo
1240 895 1274 959 in

236 1009 392 1073 Tiberium
426 1010 506 1093 (vide
532 1010 584 1075 ΙΠ
609 1014 649 1075 55
674 1013 730 1096 in.)
755 1012 963 1096 quaestionem
991 1010 1030 1075 de
1052 1011 1205 1077 industria
1228 1037 1277 1078 ex·

238 1129 385 1214 planaret.
426 1129 517 1194 Redit
540 1136 641 1194 autem
666 1130 809 1195 nonnihil
833 1132 942 1194 veteris
967 1132 1151 1217 suspicionis
1174 1133 1206 1197 in
1226 1133 1274 1197 IV

237 1251 289 1325 57,
316 1257 478 1333 postquam
503 1249 620 1333 (idque
634 1258 742 1313 notatu
767 1251 907 1335 dignum)
931 1252 1101 1317 iniucunda
1125 1255 1273 1339 quaedam

236 1370 273 1434 de
296 1371 420 1435 Tiberio
445 1372 641 1436 memoranda
664 1372 783 1437 habuit.

280 1490 393 1574 ltaque
417 1491 634 1574 gratulandum
659 1500 706 1555 est
728 1490 835 1556 Tacito
859 1491 942 1576 quod
968 1512 1097 1576 errorem
1124 1495 1272 1573 correxit,

237 1611 355 1675 etiamsi
378 1611 450 1675 inde
474 1619 539 1674 orta
567 1619 613 1675 est
637 1610 744 1675 iudicii
767 1613 975 1677 inconstantia
993 1614 1036 1696 1);
1065 1614 1215 1699 nobisque
1239 1616 1271 1679 in

235 1730 343 1794 ceteris
376 1752 499 1815 quoque
530 1728 624 1816 probe
656 1730 890 1796 discernendum
916 1731 993 1816 quid
1018 1755 1053 1796 ex
1079 1734 1275 1812 rumoribus,

235 1847 311 1938 quid
335 1871 371 1912 ex
394 1842 537 1932 diligenti
561 1871 662 1912 rerum
689 1849 890 1932 inquisitione
914 1852 1094 1935 perceperit.

280 2085 418 2151 Breviter
441 2108 524 2150 error
548 2086 747 2170 corrigendus
770 2091 818 2150 est
840 2087 872 2150 in

232 2223 236 2230 ·
280 2205 355 2290 Cap.
385 2209 434 2269 13.
477 2208 583 2269 Omnes
606 2207 730 2290 (nempe
752 2206 799 2272 M.
821 2204 973 2290 Lepidus,
998 2206 1108 2270 Gallus
1127 2207 1271 2285 Asinius,

235 2325 275 2389 L.
301 2327 488 2404 Arruntius,
512 2325 569 2389 Gn.
595 2325 678 2410 Piso)
697 2334 819 2408 praeter
838 2326 986 2408 Lepidum
1006 2328 1103 2389 uariir
1126 2344 1193 2390 more
1215 2330 1272 2390 cri-

233 2417 365 2511 min'idnr
389 2456 524 2510 struente
551 2449 666 2511 Tiberio
691 2449 885 2510 circumventi
908 2450 986 2509 rant.
1022 2445 1211 2511 Eximendus
1228 2458 1274 2511 est

236 2569 327 2632 etiam
359 2566 396 2632 L.
429 2569 616 2646 Arruntius,
651 2568 705 2652 qui
733 2567 826 2630 semel
857 2573 980 2630 auctore
1003 2566 1124 2631 'liberio
1148 2569 1273 2632 crimine

141 2733 145 2740 1
234 2686 381 2752 liberatus
413 2686 460 2751 VI
492 2690 521 2765 7,
535 2683 565 2772 2)
591 2694 697 2772 postea
727 2686 849 2765 demum
882 2709 899 2750 a
937 2684 1081 2751 Macrone
1112 2697 1272 2753 accusatus

237 2809 376 2872 inualido
400 2831 437 2870 nc
450 2808 591 2895 fortunae
613 2810 718 2890 ipnaro
741 2809 870 2871 Caesare
892 2817 1021 2872 mortem
1042 2808 1102 2872 'sibi
1126 2809 1274 2872 conscivit

233 2923 280 2989 VI
304 2929 357 2991 47.
405 2926 453 2990 De
478 2925 534 2990 On.
560 2925 673 2990 Pisone
696 2927 850 3011 agendum
875 2928 934 2990 erit
956 2927 1046 2990 inira.

582 3185 737 3230 TIBERIUS
761 3185 804 3230 ΕΤ
826 3184 927 3231 mvn.

276 3406 346 3470 Lib.
372 3406 396 3471 Ι.
421 3406 495 3491 Gap.
524 3409 574 3470 14.
611 3406 716 3470 Multa
742 3407 872 3469 Petram
897 3413 926 3468 et
949 3406 981 3467 in
1006 3410 1174 3486 deportem
1197 3407 1271 3468 arlu-

232 3529 309 3590 latio
415 3528 472 3589 ille
504 3526 670 3610 (Tiberius)
703 3527 897 3588 moderandor
921 3525 1112 3610 feminarum
1147 3527 1271 3588 tonores

234 3682 397 3696 ,μ-

265 3769 289 3830 1)
305 3769 390 3834 Itaque
408 3768 519 3818 Tacitum
537 3768 582 3817 ribi
605 3783 735 3833 numquam
755 3766 852 3831 obloqui
872 3781 996 3831 perperam
1014 3765 1139 3816 contendit
1155 3765 1271 3815 Parchins

229 3867 253 3915 in
272 3864 335 3915 libro
353 3867 448 3929 saepius
466 3866 562 3914 laudato
580 3881 604 3930 p.
624 3864 655 3913 36
673 3881 725 3929 sqq.
744 3864 797 3913 Non
815 3864 891 3929 magia
908 3863 1006 3912 Tacitus
1023 3863 1067 3912 ribi
1085 3867 1180 3912 constat
1195 3863 1219 3912 in
1232 3878 1271 3911 re·

230 3963 327 4012 terendo
347 3963 437 4012 'liberii
461 3962 575 4011 iudicium
602 3961 631 4010 de
652 3961 796 4010 Germanico
814 3960 856 4008 ΙΙΙ
875 3962 907 4010 tt
925 3966 950 4009 et
968 3960 994 4009 Π
1011 3960 1057 4018 43,
1078 3961 1174 4024 eiusque
1195 3959 1270 4024 pieta·

228 4063 277 4108 tem
293 4075 351 4130 erga
368 4064 470 4108 matrem
488 4058 500 4106 I
520 4058 616 4116 14,1v
638 4059 678 4116 57,
697 4058 737 4106 ΠΙ
755 4057 787 4105 64
805 4060 830 4106 et
847 4057 873 4105 Il
891 4056 936 4114 34,
954 4055 975 4103 V
994 4057 1021 4114 3,
1040 4055 1074 4104 vl
1093 4055 1133 4107 tr.
1332 4045 1334 4048 Α

265 4157 290 4219 2)
307 4157 336 4205 lu
360 4156 464 4206 citandis
486 4172 554 4220 capp.
578 4155 633 4204 libri
659 4154 680 4202 V
703 4160 727 4203 et
751 4153 785 4202 Vl
809 4154 907 4203 lectoris
924 4153 1001 4218 gratia
1019 4153 1142 4217 vulgarem
1161 4152 1269 4201 ordinem

230 4256 326 4303 secutur
345 4266 404 4302 rum.
