3008 4920
738 403 778 464 ai

242 613 297 676 tris
322 617 539 675 testamentum
563 611 683 674 irritum
708 612 784 689 fuit,
810 612 906 676 donec
931 613 1073 697 Caligula
1085 613 1196 698 ·legata
1215 637 1280 698 per·

243 722 343 797 solvit.
368 730 439 794 Tac.
465 729 528 808 VI,
555 729 638 794 Suet.
665 729 731 794 Cal.
761 734 809 795 lo.
845 731 912 795 Iam
936 755 1006 796 vero
1031 732 1088 795 hae
1110 732 1280 797 discordiae

242 851 324 935 vulgi
351 849 523 914 rumoribus
547 848 750 913 efferebantur
776 851 870 935 inque
895 851 992 914 maius
1016 849 1227 934 augebantur3
1252 851 1277 913 si

240 971 314 1053 quid
339 971 481 1053 Augusta
504 969 635 1045 fecerat,
661 969 744 1054 quod
768 944 831 1033 filio
856 970 1011 1054 ingratum
1028 969 1093 1047 fore
1108 967 1275 1046 videretur,

240 1092 438 1156 susurrabant
470 1089 639 1174 prinoipem
670 1090 819 1153 offensum
853 1113 935 1167 esse;
968 1090 1023 1173 qui
1047 1090 1072 1152 si
1095 1111 1152 1153 neo
1177 1089 1277 1154 verbis

240 1234 295 1276 neo
317 1212 405 1276 factis
429 1210 534 1274 matris
559 1219 626 1273 acta
649 1210 853 1294 improbaret,
878 1210 1030 1276 addebant
1058 1212 1150 1275 solito
1173 1211 1206 1275 in
1229 1211 1278 1274 Τί-

241 1331 357 1396 berium
390 1338 566 1415 praetextu,
591 1352 661 1393 eum
684 1331 761 1394 iram
785 1331 848 1394 alta
872 1339 972 1395 mente
996 1331 1160 1395 abdidisse.
1204 1330 1275 1395 Tac.
1307 1325 1311 1333 ’

239 1452 364 1518 11164.
403 1451 583 1516 Edebantur
606 1453 740 1541 carmina
764 1453 801 1516 ab
824 1453 948 1517 incertis
973 1452 1150 1517 auctoribus
1172 1454 1278 1538 (usita-

242 1574 377 1636 tissimus
406 1581 553 1656 quaestus
584 1572 639 1635 illo
667 1575 814 1657 tempore)
848 1575 878 1635 in
908 1574 1071 1637 discordem
1093 1597 1158 1637 cam
1182 1581 1276 1636 matre

241 1695 373 1754 ocimum
398 1691 415 1754 Ι
433 1695 493 1768 ta,
512 1712 589 1773 qnae
614 1712 705 1775 quam
723 1691 813 1754 nihili
837 1690 952 1754 fuerint
978 1690 1067 1754 docet
1083 1690 1273 1775 exemplum,

240 1811 323 1894 quod
347 1789 478 1874 servavit
501 1808 586 1874 Suet.
614 1813 673 1872 59:

352 2001 449 2076 Asper
472 1999 500 2055 et
524 1993 665 2068 immitis,
690 1993 817 2055 breviter
840 1993 887 2054 oia
910 1993 1009 2054 omnia
1033 1992 1154 2056 vticam?

349 2113 543 2195 Dispcream,
568 2114 597 2174 ai
620 2122 650 2175 te
673 2120 768 2177 mater
790 2136 891 2175 amare
911 2121 1019 2196 potest.

238 2290 384 2373 Vulgaris
409 2290 512 2374 opinio
537 2311 657 2366 eorum,
682 2290 735 2374 qui
760 2313 906 2374 suppares
930 2298 1030 2366 erant,
1055 2289 1092 2353 de
1116 2311 1210 2373 regno
1226 2289 1275 2352 ui-

237 2409 312 2474 berii
333 2408 489 2473 nitebatur
502 2431 563 2472 non
577 2416 719 2472 accurata
730 2432 831 2473 rerum
844 2410 1018 2495 cognitione
1033 2413 1100 2494 (nec
1111 2410 1220 2474 mirum
1233 2410 1272 2474 D.

236 2528 320 2593 Cass.
345 2532 397 2606 53,
415 2530 476 2612 19),
498 2528 550 2592 sed
567 2528 754 2593 carminibus
766 2530 833 2593 istis
846 2531 1082 2614 tumoribusque
1095 2552 1129 2593 ac
1142 2529 1275 2616 descrip⁴

236 2647 372 2710 tionibus
395 2669 473 2729 quae
497 2647 662 2708 recentibus
685 2649 764 2710 odiis
787 2647 804 2711 I
824 2651 856 2724 1,
879 2656 965 2712 erant
990 2649 1176 2734 composita;
1201 2649 1273 2714 hino

235 2775 337 2830 autem
363 2766 482 2830 exstitit
506 2766 651 2830 mendum
675 2767 737 2830 lato
761 2774 867 2851 patens
893 2768 925 2830 in
941 2768 1065 2831 Tacitea
1080 2768 1272 2845 narratione;

235 2885 372 2948 imbutus
408 2885 489 2948 enim
521 2885 575 2948 illa
606 2885 771 2949 traditione
803 2908 912 2950 manus
943 2887 1027 2970 operi
1051 2886 1201 2964 admovit3
1226 2909 1273 2950 oo·

236 3011 397 3066 currerunt
420 3002 504 3066 haud
527 3025 625 3087 pauca
648 3011 826 3088 praeceptae
842 3005 981 3089 opinioni
1004 3004 1172 3081 contraria;
1196 3005 1272 3088 quid

228 3123 281 3186 'his
313 3123 405 3187 fecit?
437 3146 525 3207 aegre
555 3146 589 3187 ac
621 3125 776 3187 rarissimo
809 3124 895 3188 illam
918 3125 1066 3201 correxit,
1091 3123 1271 3208 plerumque

235 3242 406 3326 pugnantia
429 3242 557 3306 adversa
579 3243 680 3306 fronte
704 3243 734 3306 in
760 3244 954 3308 concordiam
974 3243 1111 3328 redigere
1133 3243 1255 3307 studuit
1261 3269 1271 3321 ;

232 3360 304 3424 hino
332 3361 440 3425 iudicii
466 3361 689 3439 inconstantia,
719 3362 790 3426 bino
814 3365 969 3447 quaesitae
993 3364 1212 3448 explicationes
1237 3386 1271 3428 ac

234 3479 424 3564 suspiciones
460 3480 554 3543 falsae
589 3488 619 3543 et
654 3480 770 3544 inanes.
817 3481 966 3566 Exemplo
999 3483 1038 3545 sit
1069 3481 1156 3545 locus
1180 3505 1270 3566 quem

232 3599 325 3662 citavi
358 3599 409 3662 ΙΙΙ
434 3598 665 3687 64:1audatne
689 3601 857 3684 prinoipem
880 3602 1109 3686 sexagenarium
1135 3601 1207 3684 quia
1230 3600 1270 3665 ob

234 3720 339 3783 matris
369 3719 596 3804 'aegritudinem
625 3720 657 3783 in
682 3720 786 3785 urbem
811 3721 987 3785 festinavit?
1033 3721 1149 3797 Immo,
1173 3720 1271 3784 imbu-

233 3844 284 3902 tus
309 3838 428 3923 vulgari
451 3839 595 3923 opinione
612 3838 649 3902 de
666 3839 799 3928 discordi
815 3840 939 3904 illorum
957 3841 1075 3917 auimo,
1093 3839 1270 3924 oblitusque

232 3957 379 4021 factorum
414 3980 491 4041 quae
522 3958 588 4042 ipse
616 3981 686 4022 oum
718 3959 776 4022 hoo
806 3959 873 4044 ipso
901 3959 969 4022 loco
993 3965 1059 4021 tum
1084 3958 1156 4022 alibi
1180 3960 1269 4023 nobis

233 4081 412 4159 asservavit,
450 4084 570 4165 quaerit
600 4106 675 4147 num
707 4083 750 4146 sic
782 4082 878 4167 egerit
909 4083 1025 4145 sincero
1058 4084 1156 4145 adhuc
1185 4083 1268 4146 intro

232 4209 354 4264 matrem
373 4202 539 4288 filiumque
562 4204 718 4267 concordio
744 4204 808 4266 sirie
831 4202 957 4266 occultis
981 4202 1087 4265 odiis?
