3008 4920
653 398 771 477 'co

232 628 341 685 autern.
362 620 404 684 'de
435 643 488 698 eo,
522 621 723 706 praeterhac
747 643 862 697 unum,
887 620 1012 684 Tacitus
1036 643 1097 684 non
1122 621 1268 705 prodidit.

233 738 327 819 Quod
351 741 462 805 attinet
486 740 525 804 ad
550 740 713 804 Aruseium
738 748 767 803 et
794 739 1016 824 Sanquininm,
1042 741 1152 814 horum
1177 764 1269 805 causa

232 865 354 923 narrata
385 859 480 923 fuisse
510 859 646 922 creditur
668 860 698 924 in
726 859 883 943 deperdita
905 867 991 943 parte
1015 858 1100 923 lv,
1141 859 1173 922 Si
1198 883 1268 924 vero

231 976 264 1041 hi
295 977 325 1040 in
359 976 530 1040 accusando
563 978 711 1041 Arruntio
741 977 921 1060 Imperatori
944 977 1075 1042 officium
1100 980 1266 1062 praestitis-

232 1104 319 1173 sent,
343 1119 405 1161 nou
431 1096 587 1180 probabile
610 1104 654 1160 ast
677 1098 816 1161 futurum
845 1097 939 1160 fuisse
962 1104 996 1160 ut
1026 1098 1191 1162 Arruntius
1216 1099 1266 1163 ab·

234 1214 417 1291 solveretur,
443 1224 575 1280 ceterum
601 1214 718 1279 neoda
743 1216 790 1278 his
814 1216 939 1280 aliunde
962 1217 1062 1285 luceru
1087 1218 1192 1282 afferre
1214 1241 1267 1281 no-

235 1330 282 1395 bis
307 1335 499 1410 concessum,
533 1339 745 1417 praeterquam
776 1333 859 1417 qnod
890 1355 1018 1418 poenam
1043 1356 1148 1398 eorum
1171 1335 1269 1400 levem

230 1450 325 1515 fuisse
358 1474 479 1516 necesse
504 1462 568 1530 est,
592 1453 618 1516 si
643 1452 768 1530 saltem,
794 1454 848 1536 qui
871 1453 1071 1530 nominantur
1097 1453 1141 1516 VI
1165 1459 1200 1531 4,
1225 1458 1267 1518 40

232 1582 262 1637 et
286 1573 335 1636 XI
363 1577 420 1652 18,
445 1575 537 1640 iidem
561 1582 634 1641 sunt
660 1576 814 1649 homines,
842 1584 877 1647 nt
899 1575 992 1659 vulgo
1016 1575 1166 1654 creditnr3
1193 1579 1270 1641 Aru-

232 1693 314 1756 seius
339 1693 385 1756 VI
409 1697 451 1757 40
485 1702 581 1758 morte
614 1694 741 1759 affectus
769 1716 834 1758 esse
859 1694 988 1773 dicitnr,
1014 1717 1068 1758 cur
1096 1701 1126 1758 et
1149 1717 1165 1758 a
1190 1717 1269 1780 quo,

231 1812 317 1875 latet.
355 1812 450 1876 Porro
474 1834 500 1876 c.
528 1816 547 1874 8
571 1812 616 1878 Μ.
637 1813 799 1877 Terentius
823 1834 892 1876 reus
916 1812 955 1877 ob
977 1812 1141 1876 amicitiam
1166 1811 1270 1876 Seiani

232 1930 382 1994 eiusmodi
419 1933 453 1995 in
487 1931 603 1997 Senatu
639 1932 807 2000 orationem
842 1931 952 2006 habuit
964 1980 973 2009 ,
1010 1940 1045 1995 ut
1078 1941 1269 1996 accusatores

234 2050 317 2126 eius,
351 2051 468 2115 eliditis
503 2073 580 2134 quae
613 2059 686 2114 aute
710 2052 924 2135 deliquerant,
959 2051 1053 2117 acilio
1088 2058 1143 2113 aut
1177 2059 1269 2113 morte

233 2171 446 2235 multarentur.
491 2169 555 2249 Qui
578 2171 625 2234 illi
648 2171 763 2235 fuerint
786 2171 980 2254 ignoramus3
1006 2170 1179 2236 ambierunt
1203 2193 1271 2257 pro·

232 2289 376 2354 habiliter
408 2291 466 2354 hoc
499 2293 624 2380 crimine
656 2291 794 2356 Caesaris
828 2292 976 2374 gratiam,
1004 2291 1134 2368 infensi,
1159 2299 1195 2357 ut
1218 2311 1271 2354 no·

235 2419 321 2489 rant,
346 2410 515 2476 Seianianis
525 2440 534 2491 3
559 2412 612 2477 sed
636 2435 740 2477 eorum
766 2435 857 2496 opera
872 2413 965 2480 irrita,
975 2413 1083 2496 periit,
1101 2413 1176 2495 quin
1192 2412 1267 2496 ipsis

233 2529 410 2594 calamitosa
440 2531 499 2596 fuit
527 2539 557 2610 et
584 2531 745 2597 Terentius
760 2506 931 2595 'incolumis
955 2531 1040 2596 abiit.
1077 2530 1189 2614 Itaque
1212 2530 1269 2593 hos

234 2671 357 2734 quoque
386 2656 577 2715 accusatores
607 2672 669 2715 non
699 2650 822 2715 Tiberio
853 2649 907 2713 sed
942 2649 1001 2714 sibi
1032 2650 1092 2734 ipsi
1123 2649 1268 2714 inservire

233 2768 405 2847 studuisse,
430 2769 531 2854 palam
557 2779 611 2834 est.

280 2887 430 2953 Venimus
454 2889 491 2953 ad
513 2912 538 2954 c.
563 2893 619 2953 102
643 2890 709 2952 Nec
731 2911 816 2952 secus
838 2889 923 2972 aprrrl
936 2888 1103 2971 principem
1124 2887 1267 2982 Vesculaj

234 3009 299 3070 rius
325 3010 455 3073 Flaccus
486 3033 522 3073 ac
553 3009 657 3071 Iulias
690 3009 833 3070 Marinus
865 3009 908 3069 orl
937 3013 1055 3070 mortem
1083 3013 1268 3089 oportune

234 3127 449 3188 uetustissimis
467 3126 681 3210 familiarium
712 3125 765 3206 (sc.
790 3124 930 3208 Tiberii),
954 3125 1095 3186 Illorlum
1118 3125 1265 3187 recutiet

233 3247 317 3326 apurl
342 3248 475 3324 Capreas
500 3245 674 3314 iurlioirlui:
697 3244 892 3307 Vescularius
915 3243 1097 3305 insidiarum
1123 3244 1156 3309 iu
1178 3243 1265 3304 otro-

233 3386 297 3425 uem
321 3365 547 3437 internuntius,·
576 3365 698 3427 Mariua
720 3365 870 3446 participe
895 3363 1022 3425 Seianus
1048 3363 1184 3424 Curtium
1208 3367 1264 3424 At-

232 3484 324 3546 ticum
338 3492 534 3567 oppresserat.
562 3487 625 3553 Coo
642 3485 754 3547 laetius
769 3491 920 3562 occeptum
938 3504 995 3544 sua
1007 3483 1141 3562 ecemplc
1156 3483 1187 3544 iu
1201 3499 1266 3544 cau*

231 3603 361 3666 cultores
383 3604 533 3668 recidisse.
563 3601 610 3665 En
628 3601 703 3666 socii
713 3649 723 3679 ,
741 3622 818 3684 quos
835 3599 988 3685 prodidit!
1013 3599 1084 3663 Non
1103 3599 1193 3676 socii,
1211 3598 1264 3662 sed

231 3721 423 3799 adulatores,
448 3743 526 3805 quos
550 3721 689 3805 punivit,
707 3728 868 3804 postquam
886 3718 979 3783 falsos
996 3718 1153 3803 comperit.
1178 3716 1264 3797 Quid

231 3840 335 3902 enimi
366 3839 513 3925 Legimus
546 3838 593 3902 IV
618 3843 678 3916 58,
708 3837 850 3902 Curtium
880 3838 1020 3901 Atticum
1043 3859 1114 3901 cum
1137 3835 1264 3901 Cocceio

230 3956 332 4022 Nerva
357 3966 388 4022 et
411 3957 520 4022 Seiano
544 3958 704 4021 comitatos
729 3979 793 4020 esse
817 3956 974 4020 Tiberium
997 3955 1030 4018 in
1053 3953 1186 4017 insulam
1209 3952 1264 4017 Ca·

233 4101 337 4163 preas3
370 4078 414 4142 ibi
441 4100 479 4142 ne
506 4079 705 4142 nominantur
729 4075 849 4160 quidem
875 4073 1073 4138 Vescularius
1097 4082 1150 4137 aut
1174 4073 1266 4137 Mari·

233 4219 311 4273 nus,
348 4204 473 4281 apparet
512 4196 608 4280 igitur
647 4195 784 4258 Atticum
820 4193 943 4258 Caesari
977 4193 1263 4258 coniunctissimum
