3008 4920
730 371 771 431 23

234 576 347 638 lubrica
378 577 534 638 dictitans.
575 576 646 638 Nan
680 585 778 640 tamea
808 577 874 638 idea
891 579 983 659 fidem
996 575 1141 656 faciebat
1164 576 1253 639 cicit‘

233 697 348 768 araimi,·
379 719 448 758 nara
476 696 566 777 lepem
595 697 768 759 maiestatis
795 697 961 759 recluserat.
1001 694 1147 759 Similiter
1175 703 1268 778 atque

233 814 285 877 ΙΙΙ
309 817 352 899 464
376 815 456 898 (vide
480 839 509 900 p.
529 817 582 899 tl)
607 816 730 879 alterius
754 815 827 890 iacti
852 815 956 879 laudes
981 814 1124 879 obscurat
1144 814 1269 878 tristitia

233 935 375 1014 alterius;
393 936 465 999 facit
483 943 584 1000 autem
605 935 663 1000 hoc
681 944 800 1021 practer
812 937 1040 1013 necessitatem,
1054 936 1165 1000 etenim
1182 934 1268 998 nullo

234 1054 355 1118 vinculo
383 1055 563 1131 cohaerent,
593 1063 637 1134 et,
670 1055 753 1138 quod
784 1056 907 1139 gravius
931 1063 993 1131 est,
1019 1063 1137 1138 practer
1160 1055 1268 1118 verita·

233 1182 293 1238 tcm
302 1224 310 1253 ,
329 1176 579 1260 quandoquidem
600 1175 741 1240 Tiberius
758 1176 856 1260 legem
873 1177 1037 1240 maiestatis
1054 1199 1116 1239 non
1131 1177 1267 1249 reducit,

233 1295 286 1358 sed
317 1304 353 1358 ut
384 1296 515 1380 reliquas
543 1295 625 1380 leges
649 1295 745 1360 Iulias
772 1296 815 1359 ita
844 1295 922 1359 hanc
950 1318 1090 1380 quoquo,
1116 1303 1211 1359 ratam
1237 1304 1268 1360 et

157 1456 160 1462 -
234 1418 375 1500 Augusto
400 1416 428 1501 (I
453 1420 509 1495 72,
537 1417 597 1481 Dio
621 1417 705 1481 Cass.
732 1420 793 1496 56,
820 1420 871 1494 27,
897 1416 981 1482 Suet.
1007 1420 1087 1501 Aug.
1114 1418 1169 1501 55)
1186 1427 1279 1481 exer-'

234 1537 358 1602 cendam
393 1561 457 1602 csse
489 1539 567 1602 dixit
600 1538 697 1622 (Suet.
734 1562 759 1603 c.
794 1541 860 1621 58).
906 1537 974 1602 Hoc
1010 1546 1131 1602 tanturn
1162 1540 1267 1621 quaeri

234 1666 430 1743 oportuerat,
462 1681 535 1723 num
569 1659 626 1724 lrac
645 1630 724 1743 lege
750 1659 864 1723 abusus
888 1659 928 1722 sit
951 1658 1110 1754 Tiberius,
1133 1659 1165 1722 in
1189 1658 1268 1722 hanc

185 1794 186 1798 ’
235 1787 336 1843 autem
368 1779 572 1863 suspicionem
606 1801 660 1843 nos
684 1779 854 1854 inducunt,
883 1800 962 1862 quae
984 1779 1130 1863 leguntur
1152 1780 1185 1843 in
1208 1780 1268 1843 fine

234 1902 327 1966 huius
351 1900 477 1984 cupitis3
504 1923 564 1984 qua
587 1900 625 1964 de
648 1922 679 1963 re
704 1899 833 1964 ulterius
858 1899 1026 1964 videbimus
1052 1900 1090 1962 ad
1114 1899 1149 1964 ΙΙ
1169 1902 1221 1966 87.

278 2135 352 2220 Cap.
380 2137 431 2199 75.
478 2135 546 2198 Nea
576 2141 701 2217 patrum
733 2134 951 2216 copaitiaritaa
978 2134 1112 2196 satiatas
1143 2134 1270 2197 iudiciis

234 2255 391 2319 adsidebat
414 2256 445 2316 ia
473 2276 563 2318 carru
589 2254 768 2326 tribunalis,
795 2276 832 2316 ac
853 2259 1019 2336 praetorem
1043 2253 1144 2317 cirrati
1166 2253 1267 2336 (tepet-
1301 2261 1303 2264 ’

234 2377 325 2448 leret·
358 2358 516 2460 multaque¹
538 2396 570 2438 ec
597 2397 694 2438 caram
717 2375 863 2441 adversas
885 2375 1029 2449 ambitam
1051 2381 1081 2436 et
1101 2375 1268 2454 potentiam

230 2517 332 2574 preces
365 2497 539 2559 constituta.
587 2495 647 2557 Sed
678 2496 747 2557 darre
782 2493 907 2558 veritati
936 2495 1112 2570 consulitur,
1143 2496 1269 2559 libertas

232 2617 479 2698 corrumpebatur.
517 2615 564 2678 En
588 2614 740 2678 sententia
763 2614 901 2678 Tacitae:
927 2613 1026 2684 brevis
1043 2622 1074 2678 et
1091 2623 1194 2693 acuta,
1212 2615 1264 2679 sed

234 2736 394 2820 perspicua
420 2735 565 2817 omnique
593 2756 720 2798 numero
745 2733 905 2812 absoluta,
930 2734 1034 2798 cadem
1058 2756 1128 2810 aero
1152 2735 1269 2820 pericu-

231 2856 384 2927 losissima
412 2863 442 2919 et
473 2878 509 2919 ex
540 2855 663 2927 illarum
690 2877 817 2939 genere,
843 2877 921 2938 quae
945 2878 1000 2940 pro
1025 2855 1151 2920 arbitrio
1176 2857 1268 2941 scrip·

232 2975 306 3037 toris
334 2975 489 3053 infamiam
508 2982 572 3038 ‚aut
595 2974 723 3058 gloriam
747 2982 924 3059 perpetuam
949 2975 1080 3060 pariant.
1120 2975 1267 3047 Continet

231 3094 308 3159 duas
332 3096 460 3159 virtutes
483 3095 607 3177 duoque
631 3094 721 3172 vitia,
749 3094 802 3158 sed
826 3095 884 3158 hoc
908 3095 1015 3158 ordine
1033 3118 1068 3158 ea
1084 3103 1266 3174 occurrunt,

231 3219 267 3275 ut
297 3212 376 3275 attia
407 3212 596 3276 collocentur
626 3212 658 3275 in
687 3212 776 3276 initio
808 3220 839 3277 et
864 3213 897 3277 in
929 3213 1142 3291 conclusione,
1169 3214 1266 3278 cirta·

232 3338 294 3408 tea,
326 3330 414 3415 quasi
445 3352 634 3416 compressae
665 3332 745 3396 inter
774 3331 880 3408 ambo,
909 3354 971 3396 non
995 3332 1056 3396 nisi
1078 3332 1111 3407 in
1134 3333 1266 3398 transitu

230 3450 381 3534 legantur.
430 3450 529 3514 Nemo
553 3450 627 3514 haec
651 3451 746 3534 legit,
768 3452 844 3535 quin
868 3452 896 3514 ei
915 3473 973 3515 vox
993 3453 1127 3515 satiatae
1143 3452 1267 3536 duoque

232 3570 340 3634 ultima
372 3570 463 3634 verba
495 3571 610 3635 firmius
642 3593 734 3655 quam
766 3579 866 3636 cetera
893 3571 1054 3635 memoriae
1078 3571 1265 3635 inhaereant.

231 3690 385 3774 imprimis
417 3692 559 3756 odiosum
591 3697 637 3755 est
665 3691 744 3755 illud
775 3692 925 3767 satiatur,
950 3691 1034 3776 qnod
1058 3691 1172 3755 tiranni
1195 3692 1267 3755 ima·

231 3809 331 3892 ginem
357 3810 464 3874 lectori
489 3810 527 3874 ob
553 3811 658 3875 oculos
682 3810 789 3894 ponit,
814 3811 868 3893 qui
894 3811 1063 3877 delectatur
1079 3833 1197 3874 reorum
1216 3834 1267 3875 an.-

230 3950 320 4011 gore,
354 3929 440 3993 vanis
472 3929 629 4012 precibus,
665 3929 817 4013 supplicio
845 3929 952 4011 etqui
976 3928 1198 4012 postalterum
1222 3929 1267 3992 iu·

180 4063 182 4066 '
231 4047 345 4111 dicium
370 4048 497 4112 alterum
524 4048 611 4112 avide
636 4049 840 4132 persequitur.
888 4047 976 4110 Itane
999 4047 1140 4111 Tiberius
1160 4049 1264 4133 depin-

232 4149 377 4250 gendus?
415 4165 504 4231 Nihil
539 4167 650 4233 minus.
697 4166 839 4234 Praeerat
872 4164 1003 4235 Senatus
1038 4165 1265 4250 cognitionibus
