3008 4920
728 406 769 467 39

235 632 334 693 neque
357 632 485 674 uxorem
508 633 577 673 rens
600 609 783 693 reliquisset.
799 609 823 693 ¹)
861 608 989 673 Remoto
1014 608 1172 673 seditionis
1189 609 1265 694 peri·

235 729 323 807 culo,
349 729 531 793 nobilissimi
555 730 670 814 quique
694 729 824 793 Romani
847 730 984 793 certatim
1006 729 1264 812 gratulationibus
1343 715 1346 722 ¹

234 846 525 930 adulationibnsque
549 847 762 930 imperatorem
785 847 976 910 adoriuntur.

276 965 325 1028 En
354 987 446 1028 causa
476 965 618 1048 Libonis,
642 988 735 1049 quam
758 965 889 1029 breviter
913 966 956 1028 sic
983 964 1074 1028 refert
1097 957 1264 1027 Suetonius

233 1088 292 1149 25:
319 1087 352 1148 L.
377 1085 544 1150 Scribonius
566 1085 639 1148 Libo
662 1085 903 1148 placabiliores
926 1106 1014 1148 novas
1038 1088 1110 1148 elom
1132 1084 1265 1147 motaba-

232 1212 290 1268 tar.
309 1251 316 1267 .
336 1251 370 1268 ..
406 1205 557 1281 bidonem,
581 1227 617 1269 ne
639 1207 712 1288 qaid
732 1205 859 1268 conlata
881 1204 1012 1268 acerbius
1021 1206 1120 1280 fieret,
1142 1205 1264 1267 secando

231 1326 341 1387 &mam
370 1347 446 1387 anco
473 1324 505 1386 a‘a
528 1325 635 1387 Senatu
658 1325 791 1403 coaequit
817 1346 841 1387 e.
866 1347 893 1408 q.
917 1347 942 1386 a.
960 1320 989 1408 2)
1030 1322 1122 1385 Dicas
1146 1321 1263 1385 Tiberii

234 1443 357 1526 culpam
387 1443 444 1506 hac
472 1443 504 1505 in
528 1465 561 1506 re
583 1442 699 1505 nullam
724 1442 827 1505 fuisse.
864 1441 965 1505 Aliter
986 1441 1129 1518 'l'acitus3
1154 1440 1265 1504 brevis·

232 1561 317 1624 simin
350 1561 566 1624 additamentis
596 1560 719 1624 Tiberio
744 1560 866 1637 odium,
891 1559 1003 1653 Liboni
1027 1559 1264 1624 misericordiam

234 1690 369 1744 nostram
400 1680 561 1756 conciliat,
593 1681 625 1743 in
655 1680 738 1743 huno
770 1679 913 1743 modum:
939 1680 1047 1743 abnuit
1069 1679 1193 1763 quidem
1216 1678 1265 1741 Ti-

233 1799 336 1863 berius
360 1821 555 1882 congressum
580 1820 649 1862 cum
673 1797 805 1875 Firmio,
831 1798 901 1875 sed,
927 1799 972 1862 uti
997 1798 1101 1875 addit,
1125 1799 1264 1862 indicium

232 1921 313 1982 houd
332 1925 506 2000 aspernatae
529 1907 585 1982 est.
621 1917 731 1993 Porro,
748 1918 848 1982 utitur
865 1917 989 2000 quidem
1008 1940 1059 1982 reo
1075 1917 1265 1982 familiariter

234 2058 287 2119 per
311 2057 442 2112 aunum,
467 2035 499 2098 id
523 2057 594 2099 vero
617 2034 723 2098 fecisse
747 2056 816 2096 eum
840 2035 931 2111 dicit,
956 2035 1028 2116 qnia
1048 2034 1123 2097 iram
1139 2033 1266 2099 recondi

233 2158 329 2229 derat
350 2161 508 2239 cunctaque
527 2155 591 2217 eiua
608 2155 688 2218 dicta
699 2155 847 2237 factaque
867 2155 1062 2237 prohibere
1077 2175 1178 2238 quarn
1188 2174 1266 2235 pce·

233 2281 301 2348 eet,
325 2275 400 2351 scire
422 2275 554 2337 malebat.
590 2273 637 2335 Ex
659 2272 708 2336 his
736 2272 846 2335 efficias
872 2272 1013 2335 Tacitum
1041 2271 1202 2349 maluisse,
1230 2279 1266 2334 ut

233 2393 373 2457 Tiberius
397 2393 482 2456 illius
514 2393 596 2455 dicta
618 2393 758 2476 factaque
782 2391 1007 2476 prohibuissem
1032 2392 1083 2455 sed
1109 2390 1263 2473 quomodo

234 2511 293 2574 hoc
315 2511 458 2594 perficere
481 2511 649 2595 potuisset,
675 2510 734 2573 nisi
757 2532 811 2593 per
828 2510 951 2574 vincula
966 2517 1020 2574 aut
1039 2508 1204 2573 custodes?
1223 2511 1265 2572 At

218 2618 362 2694 bocoiue
385 2631 510 2693 Tacitus
534 2629 713 2715 probasset?
737 2629 850 2693 Credat
873 2629 1009 2693 Iudaeus
1028 2629 1147 2713 Apella.
1181 2627 1265 2708 Quid

236 2759 337 2814 tamen
368 2750 530 2826 restiterit,
559 2751 584 2812 si
612 2771 669 2812 neo
702 2748 797 2814 libere
832 2749 990 2812 circumire
1025 2771 1082 2812 nec
1117 2747 1265 2812 custodiri

205 2905 206 2908 κ
234 2868 373 2952 oportuit
395 2868 561 2945 Libonem,
583 2868 700 2951 ignoro.
737 2867 851 2930 Porro:
876 2868 955 2931 Sere
971 2868 1113 2930 mahtai:
1129 2873 1264 2930 attamen

233 2973 375 3051 custodes
408 3008 470 3050 non
502 2986 661 3049 addixerat
690 2985 804 3049 Liboni
835 2987 889 3068 qui
921 2987 986 3049 eius
1010 2986 1101 3049 verba
1124 2987 1265 3069 factaque
1300 3030 1303 3034 -

233 3105 402 3181 ‹leferrent,
428 3127 506 3188 quae
539 3104 577 3167 ad
609 3125 644 3166 ea
675 3102 886 3187 cognoscenda
916 3104 1007 3166 unica
1029 3103 1139 3166 luisset
1169 3103 1246 3165 ratio
1258 3127 1267 3179 ;

233 3232 388 3308 praeterea
418 3245 480 3286 non
504 3245 522 3285 a
545 3222 691 3307 principis
722 3222 864 3285 ministro
897 3221 949 3284 sed
975 3244 992 3284 a
1016 3220 1107 3305 Mago
1132 3220 1266 3304 quodam

266 3512 290 3571 l)
307 3511 368 3559 'l'um
395 3512 458 3560 cuim
484 3518 569 3575 quarta
591 3514 685 3559 tantum
710 3526 764 3574 pars
782 3512 901 3560 bonorum
918 3511 1096 3560 accusatoribus
1115 3511 1267 3575 (quadrupla
1316 3564 1319 3569 ,

232 3604 335 3666 toribus)
353 3605 535 3654 concedebatur.
553 3605 587 3653 IV
606 3605 653 3663 20,
674 3605 713 3653 llI
731 3605 771 3657 17.

266 3703 290 3762 2)
309 3702 395 3765 Inepta
413 3703 443 3750 D.
459 3702 538 3751 Cassii
557 3703 618 3750 ratio
637 3700 754 3750 scribendi
772 3701 912 3759 historiam,
929 3701 1026 3764 eiusque
1044 3702 1140 3750 solertia
1149 3702 1173 3751 in
1187 3718 1266 3753 rernm

224 3772 309 3845 'causis
327 3801 352 3845 et
369 3812 432 3845 nexu
449 3796 621 3861 perspiciendis
638 3795 696 3844 satis
714 3796 866 3856 cognoscitur
882 3811 910 3844 ex
929 3795 959 3843 iis
976 3811 1036 3859 qnae
1049 3796 1078 3844 de
1089 3796 1186 3845 Libonis
1198 3813 1267 3847 causa

232 3892 353 3957 prodiditr
369 3896 460 3959 Λίβωνα
472 3921 493 3927 -
509 3893 611 3951 δόξαντά
627 3914 650 3944 τι
668 3897 821 3961 accepitne,
840 3899 911 3950 τέως
927 3898 980 3958 μὶν
997 3898 1119 3968 ἔρρωτο,
1138 3897 1175 3944 οὐκ
1186 3898 1266 3962 ἔκρινα,

232 3998 389 4047 νοσήσαντα
412 3991 440 4038 δὲ
463 3995 632 4043 laudationes
656 4018 672 4024 -’
698 3993 720 4046 a
744 3995 786 4047 τὴν
806 3993 927 4057 yrpooalro
946 3994 1071 4054 Ισικδμισι.
1099 3989 1138 4046 57,
1158 3990 1196 4038 15.
1232 3991 1267 4037 De

232 4084 319 4134 Diouis
335 4086 449 4135 methodo
468 4086 515 4134 rid.
533 4085 721 4135 luculentissima
739 4085 869 4149 disputatio
887 4085 909 4133 N
915 4085 997 4134 abari
1015 4085 1039 4134 iu
1055 4088 1110 4134 Act.
1121 4084 1194 4134 dead.
1205 4086 1264 4148 aeg.

233 4181 313 4232 Ncerl.
332 4181 403 4234 1867.
1131 4188 1132 4191 ’
