3008 4920
728 404 770 464 25

276 610 315 674 In
343 610 449 674 eodem
472 611 571 694 eapite
596 618 697 672 nanat
721 608 875 672 Tiberium
901 607 1030 671 duorum
1057 606 1169 670 civium
1196 629 1266 689 pau·

233 729 360 812 portati,
392 728 547 791 Senatoris
579 737 609 790 et
641 727 695 790 viri
728 725 887 809 praetorii,
921 726 959 789 de
989 747 1045 788 sno
1072 723 1265 801 subvenisse;

232 847 285 911 sed
317 869 411 930 quam
437 846 538 930 plures
562 846 643 909 idom
667 841 822 929 peterent,
847 844 974 929 probare
997 867 1048 909 eos
1072 866 1195 908 cansam
1218 843 1268 906 Se·

232 968 318 1030 natni
356 967 490 1030 iussisse.
540 967 684 1043 iustum,
723 965 823 1042 dicus,
864 965 1058 1050 prudensque
1096 964 1268 1029 consilium.

233 1089 330 1173 Atqui
353 1087 496 1152 Tacitus:
520 1090 661 1171 cupidine
683 1088 873 1165 seueritatis,
899 1087 955 1163 ait,
981 1087 1013 1148 iu
1030 1087 1071 1148 iio
1087 1088 1177 1148 etiam
1194 1108 1270 1169 quoe

231 1209 289 1270 rite
304 1209 428 1292 faceret
451 1210 580 1271 acerbus.
623 1208 707 1269 (sude
729 1208 820 1269 aeteri
843 1206 997 1269 silentium
1015 1215 1044 1268 ot
1061 1212 1267 1288 paupertatem

231 1328 414 1408 confessioni
437 1336 466 1390 ot
490 1328 630 1410 beneficio
649 1348 856 1409 praeposuere.
904 1324 1135 1388 Animadversio
1157 1325 1269 1408 impor-

230 1454 306 1509 tuna
330 1454 359 1510 et
384 1447 504 1510 veritati
529 1447 690 1510 contraria.
740 1447 982 1528 Importunas
1013 1451 1059 1508 est
1085 1445 1166 1508 enim
1190 1444 1270 1508 illud

231 1589 425 1650 nequaquam
450 1567 545 1630 severi
570 1566 618 1629 vel
643 1564 762 1641 acerbi,
781 1587 883 1628 verum
902 1564 1047 1648 sapientis
1064 1564 1264 1628 moderatoris

231 1686 404 1763 decretum,
438 1687 491 1769 qui
523 1685 647 1750 nolebat
678 1685 892 1770 intempestiva
924 1685 1086 1768 largitione
1115 1707 1187 1770 opes
1211 1708 1266 1769 pu-

233 1805 326 1869 blicas
350 1804 482 1870 diffundi
490 1832 500 1883 ;
525 1806 605 1888 quod
631 1807 696 1890 ipse
720 1800 886 1889 aliquando
910 1807 941 1869 in
966 1806 1082 1869 Senatu
1104 1805 1150 1868 bis
1168 1805 1267 1869 verbis

232 1925 381 2008 expressit
412 1925 446 1987 ΙΙ
480 1928 539 1988 38:
571 1926 614 1996 si,
646 1934 790 2009 quautam
810 1947 976 2008 pauperare
1001 1933 1063 2001 est,
1085 1927 1187 1988 oeuire
1211 1927 1268 1988 troo
1326 1940 1330 1946 ’

231 2051 261 2106 et
288 2044 392 2106 literis
414 2045 479 2106 artie
497 2051 600 2127 petere
621 2047 778 2123 pecuniam
794 2046 959 2128 coeperint,
975 2044 1092 2126 aiupuli
1107 2066 1267 2128 numquam

236 2164 476 2237 excutiebantur,
508 2164 678 2246 respublica
709 2166 837 2246 deficiet.
884 2164 941 2226 Est
972 2171 1074 2227 antem
1107 2164 1268 2226 ceritati

232 2285 423 2347 contrario
447 2285 479 2348 in
503 2307 552 2361 eo,
578 2284 659 2369 quod
682 2285 757 2349 dicit
773 2293 889 2348 ceteros
906 2284 1063 2347 silentium
1079 2284 1267 2368 paupertatis

235 2404 419 2467 confessioni
451 2404 641 2488 praetulisse.
689 2403 805 2467 Nostro
836 2406 973 2487 tempore
1005 2403 1071 2466 laus
1104 2412 1183 2465 esset
1205 2424 1266 2466 non

235 2524 386 2602 dedecus,
409 2525 499 2588 talem
524 2524 641 2590 civibus
666 2526 813 2609 pudorem
835 2526 992 2604 iniecisse3
1011 2525 1068 2589 snb
1085 2525 1212 2609 imperio
1228 2548 1266 2588 ne

236 2645 282 2706 vel
305 2643 431 2707 Tacitus
454 2644 486 2707 id
511 2644 671 2708 sentiebat.
718 2643 881 2728 Quidquid
905 2652 969 2721 est,
996 2639 1114 2708 fallitur
1122 2670 1132 2720 ;
1156 2667 1225 2707 nam
1246 2645 1269 2707 ii

233 2771 355 2827 tantum
380 2764 598 2827 confessionem
623 2765 812 2848 paupertatis
836 2773 1089 2849 suppresserunt,
1114 2786 1192 2848 quos
1211 2763 1270 2826 las·
1362 2751 1365 2758 ¹

236 2903 285 2944 sos
309 2904 457 2945 essenon
482 2883 601 2946 iuvaret
624 2883 739 2967 quippe
763 2883 909 2947 beneficio
932 2882 1091 2966 indignos;
1117 2889 1147 2944 et
1171 2881 1216 2944 vel
1234 2881 1266 2944 bi

231 3022 293 3064 non
318 3023 439 3079 omnes,
466 3002 513 3065 uti
529 3024 598 3065 mox
617 3001 776 3066 Hortalus,
813 3001 924 3085 Dignis
941 3010 1042 3064 autem
1059 3023 1121 3064 non
1137 3022 1266 3084 queren-

232 3119 316 3182 tibus
339 3120 431 3182 etiam
455 3119 656 3183 subveniebat
678 3120 713 3183 ΙΙ
738 3125 790 3184 48.
832 3121 1031 3204 Maporistoom
1059 3121 1090 3182 ia
1112 3120 1266 3203 publicum

234 3242 425 3325 tarpitiouem
458 3245 546 3307 cauit
580 3248 693 3306 Caesar
719 3246 803 3307 toea
823 3245 923 3306 miuus
946 3250 1037 3326 prata
1062 3243 1266 3305 liberalitate:

234 3385 342 3446 nempe
358 3362 438 3426 bona
454 3363 584 3426 feminae
600 3363 763 3447 locupletis
779 3364 957 3440 intestatae,
978 3363 1074 3447 petita
1093 3362 1124 3424 in
1143 3362 1266 3438 fiscum,

234 3481 365 3545 Aemilio
389 3481 523 3566 Lepido,
549 3491 579 3547 et
602 3483 706 3545 divitis
731 3483 854 3567 Equitis
879 3482 915 3545 R.
933 3482 1149 3558 hereditatem,
1167 3504 1267 3566 quam-

233 3623 319 3685 qaam
351 3601 416 3684 ipse
447 3603 531 3663 terea
554 3603 587 3663 iu
609 3610 697 3684 parte
721 3602 876 3684 teporatur,
899 3601 944 3664 M.
969 3599 1096 3664 Servilio
1121 3599 1265 3676 tradidit,

233 3744 315 3805 quern
337 3723 487 3805 prioribus
513 3745 604 3806 aeque
629 3725 776 3801 suspectio
801 3725 916 3785 tatutis
931 3725 1071 3805 scriptum
1088 3730 1267 3804 compererat

234 3842 369 3924 (attende
393 3841 566 3925 religiosam
591 3842 656 3906 eius
680 3845 812 3925 curam),
831 3844 1018 3906 nobilitatem
1038 3843 1196 3927 utriusque
1212 3866 1264 3925 pe-

233 3962 323 4024 rucia
346 3963 508 4024 iaoaurlam
529 3963 692 4046 praefatus
716 4011 784 4026 ....
812 3967 946 4026 Ceterum
967 3972 1000 4026 ut
1016 3965 1168 4025 honestam
1184 3965 1268 4025 inuo-

233 4082 362 4144 oeutiura
369 4103 374 4113 ·
375 4088 586 4164 paupertatem
608 4082 737 4155 leoaoit,
753 4083 798 4144 ita
809 4085 949 4164 prodipoa
959 4090 989 4145 et
1001 4084 1034 4145 olr
1041 4083 1169 4166 stopitia
1182 4105 1265 4165 epen-

233 4208 279 4264 tes
300 4201 451 4267 Vibidium
480 4201 638 4266 Varronem
661 4208 717 4268 oet.
737 4205 828 4267 mouit
850 4204 962 4269 Senatu
977 4211 1031 4266 aut
1047 4210 1152 4289 spoute
1167 4205 1267 4267 cedere
