3008 4920
744 428 842 488 20·

245 637 364 700 vivente
391 636 446 700 illa
470 637 621 721 patienter
644 634 718 698 tulit
734 642 764 697 et
783 640 996 718 postmortem
1018 640 1139 696 tantum
1160 634 1278 716 oblique

240 757 420 840 perstrinxit
444 755 472 817 V
497 759 527 820 2.
574 754 681 832 Addo,
713 752 796 837 quod
833 753 924 817 refert
958 752 1125 816 Suetonius
1157 775 1183 816 c.
1218 755 1278 830 50,

241 875 430 960 prinoipem,
454 896 649 959 congressum
673 872 779 937 matris
804 871 962 936 assiduum
988 872 1134 938 vitantem
1158 895 1197 936 ne
1213 873 1278 935 eius

241 994 378 1058 consiliis
410 996 474 1079 regi
507 994 675 1071 videretur,
708 993 756 1055 his
780 998 882 1055 tamen
911 991 1066 1055 interdum
1091 1000 1120 1054 et
1144 981 1279 1074 opereat

239 1119 289 1178 nti
311 1114 438 1178 solitum
455 1114 559 1178 fuisse.
597 1112 677 1176 Sunt
693 1112 767 1176 haec
783 1112 972 1188 testimonia,
995 1133 1073 1194 quae
1094 1133 1154 1175 non
1179 1112 1279 1174 verbis

243 1234 387 1297 nituntur
411 1233 463 1297 sed
487 1233 590 1311 factis,
615 1232 783 1310 eiusmodi,
807 1240 843 1295 ut
866 1231 1054 1296 confidenter
1077 1254 1169 1316 neges
1192 1231 1280 1296 Tibe-

243 1352 322 1415 rium
352 1352 423 1415 illos
454 1352 603 1429 honores,
635 1351 673 1415 de
704 1351 817 1435 quibus
849 1374 875 1416 c.
903 1355 944 1414 '14
972 1373 1070 1416 sermo
1098 1361 1160 1429 est,
1189 1352 1279 1415 matri

217 1468 292 1535 'eos
324 1472 472 1535 ambienti
502 1494 613 1556 negare
645 1472 708 1534 sive
741 1471 872 1534 voluisse
902 1472 965 1534 sive
994 1473 1148 1556 potuisse,
1182 1478 1278 1554 utque

239 1592 345 1655 credas
373 1592 498 1655 alteram
525 1592 721 1676 persuasione
730 1599 740 1668 ‚'
763 1591 893 1654 alterum
920 1591 1085 1676 prudentia
1108 1592 1276 1656 adductum

221 1733 305 1775 esse
328 1720 365 1775 ut
388 1733 439 1775 eos
464 1718 685 1796 aspernaretur.

285 1831 344 1895 His
368 1839 470 1895 autem
495 1830 526 1894 id
550 1829 765 1919 tantummodo
789 1828 906 1892 dictum
932 1828 1018 1906 volo,
1043 1828 1141 1892 filium
1166 1829 1198 1892 in
1222 1850 1279 1913 pu·

239 1950 321 2015 blioo
351 1928 490 2013 debitam
516 1949 606 2012 matri
636 1949 778 2033 pietatem
803 1969 973 2029 numquam
997 1946 1172 2030 denegasse.
1208 1945 1278 2008 nte-

239 2071 302 2135 nim
339 2079 478 2134 mutuam
510 2071 667 2133 caritatem
702 2068 798 2132 nullis
831 2067 951 2132 casibus
982 2089 1160 2130 concussam
1193 2088 1276 2143 esse,

238 2191 289 2267 id,
318 2190 426 2254 habita
447 2189 562 2252 indolis
586 2189 748 2272 utriusque
772 2187 890 2251 ratione
907 2207 1064 2270 quumque
1080 2207 1175 2269 paene
1192 2185 1278 2247 iuxta

238 2333 270 2373 se
298 2309 428 2372 invicem
460 2310 492 2373 in
523 2330 643 2372 summo
671 2308 889 2371 dominationis
913 2307 1037 2390 fastigio
1061 2313 1162 2369 essent
1185 2303 1277 2367 collo

237 2427 316 2503 eati,
332 2427 357 2511 ¹)
391 2426 539 2490 affirmare
571 2427 622 2489 vix
654 2427 770 2504 ausim,
802 2426 980 2511 praesertim
1014 2448 1110 2508 quum
1138 2424 1277 2510 exempla

238 2570 317 2631 quae
347 2548 438 2612 attuli
470 2548 615 2632 probent,
647 2547 814 2612 identidem
846 2547 1007 2611 levissimis
1032 2546 1069 2610 de
1094 2547 1193 2611 causis
1217 2546 1276 2610 di's·

239 2667 395 2731 sensiones
428 2668 501 2731 oriri
533 2667 683 2732 debuisse.
730 2667 806 2730 Erat
836 2667 933 2745 fama,
965 2667 1071 2731 matris
1099 2666 1274 2730 violentiam

236 2787 267 2849 in
292 2787 392 2849 causis
415 2786 509 2850 fuisse
532 2809 587 2849 our
609 2785 750 2850 Tiberius
773 2785 871 2850 Roma
892 2787 1065 2850 secessisset
1085 2785 1155 2850 Tac.
1171 2784 1218 2848 IV
1233 2788 1272 2850 57

236 2905 287 2970 cll.
312 2904 340 2966 V
369 2909 383 2968 l
411 2913 442 2969 et
471 2904 555 2969 Suet.
587 2928 613 2970 o.
643 2908 702 2971 51:
725 2905 780 2969 illa
803 2909 907 2970 oauso'
921 2927 975 2990 per
998 2927 1030 2968 so
1053 2912 1189 2989 spectata
1212 2905 1275 2968 veri

237 3046 299 3088 non
325 3023 482 3088 dissimilis
506 3031 570 3102 est,
595 3033 626 3089 et
655 3025 790 3088 concinit
813 3047 884 3088 cum
908 3025 946 3088 iis
970 3047 1049 3109 quae
1072 3024 1164 3088 modo
1187 3024 1276 3087 evici·

235 3169 320 3224 mus,
355 3169 424 3210 enm
455 3146 546 3210 matri
581 3168 699 3231 semper
728 3169 760 3209 se
794 3147 943 3211 minorem
978 3147 1107 3231 gessisse
1115 3172 1125 3224 3
1161 3147 1274 3210 mansit

235 3270 436 3331 intonatum
461 3269 632 3351 obsequium
656 3267 805 3351 quamdiu
827 3276 924 3332 mater
944 3268 1036 3345 vixit,
1060 3289 1164 3331 verum
1180 3288 1276 3350 quan·

237 3396 341 3471 tepere
369 3387 465 3471 pietas
489 3387 655 3452 refrixisset
678 3387 751 3452 inde
774 3399 915 3474 apparet,
946 3389 1029 3472 quod
1052 3396 1191 3452 mortuae
1213 3409 1274 3451 ma-

271 3649 295 3710 1)
313 3648 360 3698 Dio
379 3648 445 3699 Caso.
463 3648 503 3709 t‘i,
523 3648 554 3698 12
572 3652 681 3699 mutuam
699 3650 783 3700 matris
800 3650 891 3714 filiique
908 3649 1073 3700 conditionem
1090 3650 1222 3698 rectissime
1239 3649 1273 3698 sic

233 3746 361 3795 describit:
385 3749 424 3797 nr
447 3767 474 3798 τι
490 3752 537 3816 γὰρ
557 3752 598 3799 τοῦ
615 3750 739 3813 Δῦγώστον
756 3756 865 3814 adytum
881 3749 974 3808 ἠδυνήθη
988 3753 1026 3800 καὶ
1042 3753 1081 3801 τὸν
1095 3755 1200 3818 τιβέρων
1216 3751 1274 3808 αὐτὴ

233 3847 393 3913 αὐτοκράτορα
414 3852 558 3906 πεποιηκέναι
580 3850 655 3910 ἔλεγε,
682 3852 720 3900 καὶ
745 3849 783 3898 διὰ
809 3856 877 3900 τοῦτο
899 3851 940 3914 obp
964 3852 1014 3899 tan
1030 3851 1056 3906 αξ
1072 3852 1122 3898 ἴσον
1138 3849 1159 3898 cl
1176 3853 1272 3916 ἄρχειν,

231 3941 290 3988 ἀλλὰ
312 3942 350 3990 aad
373 3941 551 4008 πρεσβνὺαιν
573 3944 659 3993 αὐτοῦ
679 3945 763 4000 ἤθελεν.
799 3942 887 3991 Porro:
911 3947 1043 4006 ἀγανακτῶν
1067 3945 1102 3992 οὖν
1126 3945 1164 3995 unt
1186 3943 1274 3998 coinon

232 4036 274 4096 (oo.
292 4033 414 4095 Tiberino)
433 4038 484 4087 ὥτε
506 4042 537 4088 τὰ
558 4043 699 4104 ψηφιζόμενα
720 4041 779 4106 αὐτῇ
796 4041 852 4098 πλὴν
871 4042 997 4104 naxium
1015 4040 1138 4105 ὶπικὺρω,
1155 4034 1202 4088 ὥτ’
1215 4039 1272 4086 ano

231 4149 255 4182 τι
269 4133 393 4200 ὑπέρογκον
408 4141 479 4184 nomio
495 4138 629 4203 indeptum.
658 4134 779 4198 Denique:
797 4140 856 4186 ὥστε
873 4141 911 4186 καὶ
930 4141 953 4193 ἐς
969 4143 1009 4194 τὴν
1025 4139 1131 4202 raupta„
1147 4132 1176 4185 δι’
1191 4137 1273 4191 dariam

231 4229 268 4278 obt
282 4232 366 4295 ἥκιστα
382 4239 534 4294 μεταστῆναι.
