3008 4920
761 409 800 470 ⁷0

263 619 364 684 oredo.
410 618 527 694 Immo,
552 616 641 680 nobis
666 616 732 700 ipsu
756 614 834 678 facta
859 637 936 698 quae
965 614 1071 690 refert,
1096 636 1113 676 a
1138 613 1296 677 verborum

262 739 430 802 involucris
455 736 674 821 scriptorisque
698 734 911 819 opinionibus,
932 733 1046 816 quibus
1074 734 1163 816 quasi
1187 733 1299 797 obruta

263 866 352 932 sunt,
377 855 469 939 probe
494 853 722 918 secernentibus
746 859 778 916 et
802 875 855 936 per
879 875 910 915 se
934 852 1221 927 considerantibus,
1239 862 1298 915 sta·

263 975 413 1040 tuendum
443 975 507 1037 fore
537 985 628 1057 puto,
660 972 831 1035 Tacitum
864 970 1013 1034 nullum
1037 970 1133 1033 satis
1157 979 1297 1034 certum

264 1106 327 1159 aut
359 1095 507 1157 firmum
542 1091 750 1175 protulisse
782 1098 1061 1173 argumentum,
1094 1089 1191 1172 quod
1224 1112 1300 1174 pro-

264 1215 389 1293 baret,
413 1213 608 1277 Tiberium
633 1212 691 1276 val
715 1211 842 1274 odisse
863 1210 1127 1274 Germanicum
1144 1209 1300 1273 valeius

264 1342 419 1399 mortem
445 1342 507 1396 aut
531 1333 720 1397 struxisse
745 1341 811 1395 aut
834 1331 1015 1394 voluisse.

405 1572 541 1635 Examen
564 1579 593 1634 et
617 1571 769 1656 affectatio
793 1572 983 1634 narrationis
1011 1571 1158 1634 Ponitece.

309 1809 464 1887 Tiberius,
479 1810 552 1873 dum
569 1811 606 1873 in
624 1810 759 1873 Senatu
777 1810 916 1874 defuncti
929 1811 1062 1894 Augusti
1078 1833 1202 1875 munera
1218 1810 1302 1874 adire

267 1928 397 1991 haesitat
430 1937 461 1991 et
490 1928 528 1991 dc
558 1928 719 2012 partienda
753 1930 873 2014 imperii
910 1929 1174 2024 administratione
1210 1930 1301 1994 verba

266 2047 353 2122 facit,
379 2047 422 2109 ad
446 2048 651 2124 exercitus,
676 2071 746 2111 cnm
769 2050 800 2111 in
819 2049 920 2111 Gallia
939 2056 1005 2112 tum
1023 2050 1055 2112 in
1071 2049 1198 2132 reliquis
1215 2051 1302 2134 regni

268 2166 423 2250 partibus,
448 2167 552 2229 literas
574 2168 671 2231 mittit
693 2169 782 2252 quati
804 2170 913 2249 adepto
938 2171 998 2230 ium
1021 2170 1206 2250 principatu.
1239 2168 1303 2232 Gur

269 2308 341 2369 erga
364 2286 511 2349 Senatum
536 2286 626 2349 aliam
651 2294 743 2371 atque
767 2311 837 2372 erga
859 2289 996 2372 legiones
1013 2289 1161 2352 rationem
1178 2294 1303 2353 secutus

268 2405 337 2468 est?
356 2405 480 2468 Tacitus
496 2405 670 2488 respondit:
691 2405 791 2469 Causa
810 2409 910 2490 posita
930 2415 994 2470 erat
1009 2408 1040 2470 in
1050 2409 1214 2482 formidine
1230 2414 1304 2472 Ger·

267 2524 399 2595 manici;
424 2521 478 2585 sed
501 2523 605 2606 potius
622 2524 666 2585 ita
687 2523 932 2606 respondendum
954 2532 1017 2587 est:
1035 2545 1136 2588 coram
1153 2523 1305 2589 Senatori-

269 2643 326 2705 bus
349 2641 571 2705 dubitationem
597 2642 770 2720 simulavit,
795 2643 906 2727 partim
929 2651 964 2706 ut
988 2665 1093 2707 eorum
1113 2644 1303 2708 voluntatem

269 2762 477 2846 dignosceret,
501 2763 632 2826 maxime
656 2785 727 2827 vero
751 2771 908 2827 uteorum
926 2764 1068 2847 precibus
1085 2765 1123 2827 ad
1140 2765 1304 2849 suscipien-

269 2879 343 2943 dum
376 2879 582 2944 monarchiam
597 2946 600 2953 ,
616 2880 790 2964 adigeretur
818 2890 909 2963 atque
940 2883 984 2944 ita
1014 2883 1092 2945 hanc
1116 2904 1178 2945 non
1202 2883 1304 2946 minus

271 2998 452 3063 Senatorum
480 3001 624 3086 suffragio
648 3024 739 3086 quam
766 3024 781 3064 e
804 3008 988 3064 testamento
1012 3003 1148 3085 Augusti
1175 3002 1305 3086 adeptus

271 3142 336 3183 esse
363 3119 516 3183 videretur
538 3120 567 3202 (I
586 3124 624 3184 12
642 3124 732 3204 sqq).
758 3122 799 3184 At
816 3120 898 3204 apud
916 3122 1065 3184 exercitus
1082 3121 1142 3184 alia
1158 3144 1205 3184 res
1221 3128 1304 3198 erat;

270 3239 313 3302 ibi
337 3240 445 3302 merito
468 3239 660 3323 imperatoris
683 3240 787 3303 statim
811 3248 913 3323 partes
937 3241 1015 3323 egit,
1033 3240 1126 3322 idque
1142 3263 1203 3303 non
1220 3249 1306 3304 metu

271 3357 446 3421 Germanici
463 3358 510 3421 vel
527 3367 694 3423 ceterorum
712 3360 765 3443 qui
782 3360 947 3443 provinciis
964 3371 1137 3442 praeerant,
1151 3359 1203 3423 sed
1219 3369 1304 3423 metu

271 3476 426 3560 legionum
451 3516 493 3526 —
523 3486 554 3542 et
581 3479 614 3542 in
646 3478 693 3542 his
725 3481 886 3564 praecipue
912 3503 984 3544 sane
1007 3480 1212 3558 Gallicarum,
1236 3490 1303 3544 tum

271 3598 310 3661 ob
338 3598 572 3682 amplitudinem
605 3621 706 3662 earum
731 3608 761 3663 et
785 3601 1065 3684 propinquitatem,
1089 3608 1156 3664 tum
1181 3608 1305 3684 propter

271 3714 357 3778 ducis
382 3716 679 3798 consanguinitatem
704 3738 772 3779 cnm
796 3718 940 3801 Augusto
964 3757 1023 3794 -,
1048 3741 1086 3781 ne
1109 3718 1235 3782 absente
1250 3720 1305 3782 im·

271 3842 408 3916 peratore
441 3834 580 3917 singulae
611 3834 746 3918 legiones
778 3834 871 3899 duces
895 3858 967 3899 suos
991 3836 1039 3900 vel
1062 3837 1175 3899 invitos
1199 3837 1237 3899 ad
1261 3859 1305 3900 ra·

270 3974 364 4034 guum
400 3954 619 4036 capessendum
650 3954 868 4038 compellerent
902 3956 1126 4040 imperiumque
1162 3956 1303 4021 civilibus

269 4072 519 4135 contentionibus
551 4074 715 4137 obicerent.
740 4111 784 4121 -
812 4074 920 4137 Dicam
949 4096 1003 4137 cur
1026 4074 1124 4139 Taciti
1149 4076 1226 4139 ratio
1251 4077 1305 4141 mi·

269 4214 329 4255 nus
353 4191 511 4275 probanda
536 4193 686 4257 videatur.
