3008 4920
767 408 839 470 ‘80

301 617 332 672 at
362 611 420 673 hoc
452 611 621 688 absonum,
655 634 751 696 quum
785 614 845 677 iam
870 638 951 678 anno
975 624 1045 679 ante
1070 638 1180 680 causae
1204 618 1338 683 adfuisse

302 729 446 793 dicantur
469 730 504 794 ΙΙ
530 735 559 795 5.
597 733 735 814 Arrn'pnr‘t
758 735 870 797 oblatae
894 742 925 798 et
940 735 1058 798 annotini
1073 737 1199 800 inanem
1216 739 1341 803 atatnr't:

300 873 406 913 verum
437 872 503 913 mos
540 862 604 914 erat
628 860 663 915 ut
686 851 911 937 Imperatorum
936 854 992 917 filii
1016 863 1046 918 et
1069 857 1192 940 cognati
1216 857 1254 921 ab
1279 858 1338 921 alia

300 973 495 1056 expeditione
519 974 646 1039 reduces
670 976 817 1039 continuo
843 976 881 1038 ad
906 976 995 1039 aliam
1021 999 1052 1040 se
1076 979 1287 1062 accingerent,
1304 980 1336 1043 id

298 1094 357 1157 sub
391 1096 533 1178 Augusto
565 1095 676 1173 Ocius,
709 1095 827 1160 Lucius
859 1105 889 1160 et
916 1096 1074 1175 Tiberius,
1101 1099 1158 1162 sub
1183 1098 1241 1162 hoc
1265 1100 1339 1163 Ger·

298 1216 436 1278 manious
460 1225 491 1279 et
515 1217 636 1305 Drusus
660 1240 764 1281 omnes
782 1219 895 1302 pariter
918 1228 1004 1283 erant
1020 1221 1148 1304 experti.
1163 1222 1188 1305 ¹)
1224 1221 1335 1306 Neque

297 1337 357 1420 ipsi
388 1336 569 1402 Germanico
601 1337 658 1401 hoc
692 1337 755 1402 iter'
783 1347 959 1424 suspectum
985 1350 1039 1404 aut
1063 1341 1216 1426 ingratum
1241 1342 1337 1407 tuisse

298 1457 435 1535 videtur,
461 1456 600 1542 quinon
626 1459 742 1522 invitus
766 1481 865 1544 neque
890 1461 1013 1537 annius,
1039 1461 1091 1524 sed
1109 1461 1202 1525 alacri
1218 1463 1335 1541 anime,

297 1579 362 1641 viso
378 1578 471 1642 fratre
487 1579 590 1642 Druso
606 1580 638 1643 in
657 1579 826 1657 Dalmatia,
845 1603 920 1643 usus
937 1581 1079 1645 omnibus
1096 1581 1213 1646 deliciis
1230 1582 1334 1647 lentis·

300 1699 393 1762 simae
409 1700 661 1784 peregrinationis
679 1723 732 1784 per
744 1701 915 1778 Graeciam,
932 1702 1048 1765 insulas
1065 1702 1218 1786 urbesque
1230 1703 1332 1783 Asiae,

295 1819 419 1882 tandem
451 1819 483 1882 in
517 1820 702 1904 provinciam
736 1821 890 1904 pervenit,
919 1829 1046 1885 ornatus
1070 1823 1183 1886 maiore
1206 1823 1334 1908 imperio

296 1938 418 2000 decreto
442 1937 571 2024 Senatus
595 1961 707 2022 qnoqno
734 1939 856 2015 adiacet,
881 1961 967 2024 qnam
990 1945 1045 2024 qni
1068 1946 1145 2003 rorte
1167 1946 1221 2003 nnt
1243 1943 1333 2004 niaco

290 2057 441 2140 principia
464 2058 623 2122 obtinerent
645 2079 671 2121 c.
696 2061 749 2122 43.
786 2060 896 2122 Annus
917 2061 954 2122 18
972 2060 1038 2122 sine
1054 2058 1144 2122 bellis
1159 2065 1333 2124 transactus

296 2186 351 2241 est.
396 2179 558 2241 Armeniae
585 2177 831 2262 Parthorumque
854 2201 901 2242 res
926 2201 987 2242 non
1012 2179 1102 2242 armis
1127 2180 1180 2243 sed
1204 2179 1331 2244 consilio

295 2298 481 2382 composuit,
507 2298 618 2381 patris,
643 2297 769 2382 opinor,
786 2291 922 2363 consiliis
939 2298 1075 2362 edoctus.
1100 2294 1249 2363 Similiter
1265 2322 1332 2384 pro·

293 2417 393 2481 ximus
418 2440 517 2481 annus
541 2439 602 2480 non
627 2426 689 2481 tam
713 2416 887 2494 laboribus,
912 2439 1003 2501 quam
1025 2417 1223 2482 oblectationi
1239 2418 1330 2483 datus

293 2546 354 2615 est}
369 2540 530 2622 Aeppptnrn
540 2538 740 2619 preptciacitnr
755 2541 962 2619 copnoacendne
977 2538 1164 2624 antiquitatis
1169 2566 1183 2614 ;
1197 2541 1250 2603 aed
1258 2561 1331 2603 cnra

285 2656 458 2738 proninn'ae
470 2658 795 2738 praetendebatur.
807 2657 834 2740 2)
859 2655 1058 2720 Perlustratis
1076 2657 1200 2741 regione
1217 2680 1251 2721 ac
1268 2680 1329 2720 mo·

295 2778 451 2840 numentis
475 2778 507 2840 in
531 2776 648 2861 Syriam
672 2777 857 2861 regreditur,
876 2785 906 2840 et
922 2777 1003 2840 haud
1019 2778 1118 2842 multo
1136 2786 1206 2862 post
1222 2777 1327 2842 eodem

294 2920 374 2961 anno
398 2898 536 2961 moritur.

339 3016 424 3096 Quid
455 3017 572 3081 interea
598 3023 734 3101 gesserat
764 3015 927 3080 Tiberius?
962 3016 1138 3101 Antequam
1170 3015 1329 3079 Germani·

295 3138 402 3202 cusin
427 3136 585 3201 Orientem
610 3137 764 3221 profectus
788 3145 868 3213 erat,
898 3135 1061 3215 Creticum,
1078 3135 1215 3203 Silanum
1241 3134 1329 3220 Syria

293 3258 484 3334 demoverat,
516 3264 795 3340 praeposueratque
825 3254 882 3336 Cn.
914 3254 1075 3319 Pisonem:
1107 3257 1190 3318 hunc
1213 3256 1328 3337 ingenio

292 3378 448 3440 violentum
478 3384 506 3440 et
537 3378 652 3460 obaeqnn'
682 3377 833 3458 ipnarnnr:
859 3376 949 3439 illum
975 3397 1030 3458 per
1056 3376 1233 3461 affinitatem
1261 3396 1328 3438 con·

292 3518 398 3560 aenum
431 3496 619 3572 Germanice,
654 3495 725 3580 qnia
759 3496 855 3560 Silani
879 3495 952 3578 fitia
987 3495 1101 3558 Neroni
1135 3494 1327 3558 oetnatirainw

292 3613 445 3679 tibernnn
470 3614 533 3678 eina
550 3619 645 3695 pecte
667 3608 742 3679 erct.
777 3611 888 3676 Censet
905 3619 1007 3675 autem
1023 3612 1147 3675 Tacitus
1163 3611 1194 3675 id
1210 3612 1325 3675 factum

323 3922 347 3981 1)
364 3922 421 3970 Mox
440 3923 533 3971 Drusus
552 3921 576 3969 in
595 3919 723 3982 illyricum
741 3918 828 3967 missus
846 3923 897 3977 est,
915 3934 935 3967 c.
953 3919 994 3966 44.

322 4019 346 4079 2)
365 4018 392 4066 11
417 4018 455 4067 59.
490 4021 627 4082 Aegyptum
653 4016 699 4065 nisi
724 4015 839 4080 principia
863 4015 932 4064 venia
956 4013 1050 4076 ingredi
1071 4015 1183 4061 vetuerat
1201 4013 1324 4075 Augustus

286 4116 413 4164 Senatores
437 4115 584 4180 Equitesqce
609 4113 728 4172 illustres3
755 4113 784 4161 de
809 4129 857 4176 quo
884 4112 938 4161 vide
966 4111 996 4159 Ε.
1021 4110 1107 4168 Kuhn,
1127 4108 1231 4158 Vertaas.
1252 4107 1275 4155 d.
1293 4107 1324 4156 R.

289 4213 319 4262 R.
337 4213 361 4260 n
380 4212 425 4272 80,
444 4211 501 4264 473.
