3008 4920
728 414 770 475 42

207 589 318 698 'quia
348 615 437 680 olim
463 616 692 682 insidiarum
718 618 755 682 in
786 617 971 684 Libonem
995 619 1263 683 internuntius

232 731 356 796 fuerat
379 732 426 796 VI
452 737 503 810 lt).

277 852 381 935 Igitur
412 852 469 916 hac
493 876 618 939 quoque
640 855 672 918 in
696 876 729 917 re
751 853 902 917 narranda
925 875 986 917 non
1011 853 1077 917 sine
1100 851 1265 916 acerbitate

231 973 410 1055 scriptorem
441 983 593 1037 versatum
626 995 690 1036 esse
721 972 891 1049 contendo,
920 994 977 1036 nec
1000 972 1094 1034 miror
1118 994 1186 1034 eum
1211 971 1264 1034 ali·

230 1092 354 1173 quando
387 1093 575 1177 appellatum
608 1115 673 1157 esse
702 1093 773 1168 „ein
805 1091 1126 1156 Gcschichtschreiber
1157 1066 1211 1154 der
1234 1114 1265 1154 es

231 1209 389 1285 „versteht
412 1209 532 1273 Thaten
557 1217 647 1274 unter
671 1209 800 1274 Worten
824 1233 862 1274 nu
885 1208 1080 1293 verbergen.'’
1097 1211 1119 1292 ι)
1226 1280 1232 1302 Ι

326 1493 466 1542 monum
491 1495 735 1552 scnmnunmun
757 1498 918 1544 mannus
943 1498 1004 1544 SUB
1028 1496 1170 1542 murelo,

280 1739 355 1826 Cap.
381 1743 433 1805 87.
481 1741 585 1826 Neque
607 1748 702 1804 tumea
726 1742 760 1803 ob
782 1763 817 1803 ea
841 1740 1048 1825 (largitionem
1071 1740 1103 1802 in
1119 1739 1266 1802 frumenti

233 1859 349 1944 iuopia)
368 1861 506 1941 parentia
524 1860 646 1944 patriae
668 1861 795 1922 delatum
818 1868 846 1923 et
869 1865 956 1922 anteo
974 1860 1138 1922 vocabalum
1153 1861 1266 1922 adaram-

231 1978 288 2055 aa‘t,
313 1981 469 2063 acerbeque
491 1980 639 2062 increpuit
660 2000 708 2042 eoa
730 1979 782 2063 qui
803 1978 953 2043 divinas
980 1979 1181 2059 occupationes
1203 1975 1266 2040 eim

232 2098 383 2183 ipsumque
402 2101 577 2163 dominum
599 2100 744 2164 diamant.
775 2101 870 2163 Uada
889 2107 1045 2181 anquira
1066 2098 1265 2163 etlubra‘ca

234 2223 354 2287 oratio
391 2224 456 2284 aab
490 2222 685 2304 principe,
724 2223 787 2306 qui
823 2222 1031 2286 libertatem
1068 2220 1267 2294 metuebat,

234 2340 483 2404 adulationem
514 2341 651 2403 oderat.
700 2339 964 2423 Deprehendimus
996 2338 1028 2401 in
1060 2337 1107 2400 his
1139 2335 1265 2399 eandem

233 2458 340 2522 iudicii
364 2459 614 2534 inconstantiam,
632 2480 725 2541 quam
742 2480 835 2542 supra
854 2456 1139 2522 demonstravimus.
1173 2453 1265 2534 Quod

137 2657 141 2663 ἡ
235 2577 330 2641 altera
366 2600 459 2642 manu
491 2579 634 2663 porrigit,
666 2578 795 2641 retrahit
826 2578 939 2655 altera3
972 2579 1016 2641 ait
1047 2577 1127 2640 enim
1155 2576 1265 2639 hocce:

154 2675 155 2678 Ἴ
234 2696 375 2775 ,‚Odisti,
408 2720 426 2760 o
454 2697 574 2762 Tiberii
609 2698 822 2774 servilitatem,
853 2698 906 2762 sed
938 2698 1048 2761 metuis
1076 2696 1264 2772 libertatem,

235 2826 271 2881 ut
295 2818 370 2900 quid
395 2817 560 2882 dicendum
584 2840 685 2882 coram
709 2826 756 2894 te,
779 2818 857 2901 quid
878 2817 1041 2881 tacendum
1065 2817 1121 2892 sit,
1141 2813 1268 2878 lateat.’'

236 2935 293 2999 Est
317 2936 437 3000 concisa
460 2936 613 2999 sententia
635 2959 698 3000 una
722 2959 737 2999 e
761 2936 883 3013 multis,
910 2935 1023 3018 quibus
1041 2935 1166 2998 Tacitus
1186 2955 1268 2996 sum·

237 3077 305 3119 mus
337 3054 462 3140 linguae
493 3055 602 3118 artifex
637 3056 740 3120 subito
772 3055 860 3118 nobis
890 3055 1004 3119 Tiberii
1034 3053 1196 3138 imaginem
1228 3049 1268 3114 ob

236 3173 343 3237 oculos
368 3174 472 3257 ponit,
499 3174 620 3256 qualem
643 3173 702 3237 sibi
724 3173 916 3236 informavit:
941 3173 1095 3236 hominem
1119 3171 1268 3234 sciliceta

235 3291 362 3375 reliquis
391 3314 515 3376 prorsus
547 3292 719 3369 diversum,
752 3292 867 3356 bonum
899 3292 991 3356 simul
1022 3299 1051 3355 et
1083 3263 1265 3375 pessimum,

235 3411 350 3475 nemini
373 3412 497 3496 penitus
519 3419 727 3495 perspectum,
752 3433 856 3475 revera
871 3420 1051 3488 monstrum.
1091 3409 1175 3486 Nos,
1191 3431 1266 3494 pace

235 3531 348 3608 Taciti,
373 3533 470 3617 ipsius
498 3532 634 3595 Annales
659 3531 832 3595 evolventes
855 3532 1061 3614 inquiremus,
1085 3552 1160 3594 num
1187 3550 1266 3613 quae

237 3651 299 3713 sint
321 3649 435 3714 indicia
458 3649 616 3714 Tiberium
640 3649 701 3713 oris
724 3648 824 3713 stilive
847 3648 1020 3712 libertatem
1043 3647 1204 3722 metuisse,
1229 3653 1266 3707 ut

237 3768 295 3832 hoc
326 3767 394 3831 loco
426 3791 444 3832 a
474 3768 623 3854 scriptore
650 3769 805 3852 arguitur.
852 3767 972 3851 Collegi
1002 3766 1086 3831 locos
1117 3772 1267 3850 quantum

194 3958 195 3961 Ἴ
236 3886 299 3948 scio
324 3907 447 3963 omnes,
471 3886 525 3971 qui
550 3887 588 3950 ad
611 3887 670 3950 hoc
693 3894 787 3970 caput
810 3887 991 3970 pertineant.

269 4196 336 4256 1)1..
353 4194 454 4261 Spengel
471 4195 495 4243 iu
514 4195 569 4244 Act.
587 4197 630 4245 Ao.
647 4194 707 4244 Bar.
726 4193 775 4243 VII
793 4193 851 4246 714.
