3008 4920
784 403 823 464 78

282 604 399 668 bulbum
418 610 517 685 perdes
540 605 767 668 ....r'uterrrir
791 603 946 667 discordiis
968 603 1103 687 relinqui.
1135 602 1194 666 Sed
1211 602 1320 666 ideone

283 723 471 787 revocandus
495 731 559 786 erat
583 721 810 786 Germanicus?
845 721 920 784 Erat
944 744 1034 784 saue:
1060 723 1172 784 etenim
1197 743 1321 784 manen·

283 851 345 905 tem
376 843 408 905 in
442 842 543 905 Gallia
571 864 588 904 a
615 841 704 905 bellis
736 863 797 904 non
823 840 1035 904 abstenturum
1060 863 1125 904 esse
1148 849 1178 904 et
1207 840 1321 923 experi-

283 962 366 1024 entia
395 961 541 1025 docuerat
569 969 601 1024 et
632 962 696 1044 ipse
729 982 801 1044 prae
831 982 863 1022 se
889 959 1006 1023 ferebut
1027 980 1124 1043 quum
1146 967 1320 1042 precaretur

283 1106 388 1145 annum
428 1085 646 1169 efficiendis
687 1085 838 1165 coeptis.
886 1082 1043 1163 Quaenam
1081 1083 1154 1145 baec
1188 1080 1319 1165 coepta?

284 1202 359 1286 quid
385 1202 562 1286 spectabat?
593 1202 680 1267 Num
707 1204 782 1280 hoc,
808 1210 844 1266 ut
866 1205 941 1266 fines
964 1203 1084 1287 imperii
1107 1202 1145 1266 ad
1170 1202 1318 1265 Amisiam

227 1321 228 1324 ’
283 1330 338 1385 aut
361 1321 515 1406 Visurgim
542 1345 641 1407 usque
667 1321 879 1406 promoveret?
911 1323 1011 1407 Atqui
1033 1322 1319 1386 aerumnosissimus

283 1442 399 1506 reditus
429 1441 577 1506 Caecinae
602 1450 672 1527 poet
695 1451 818 1524 partum
844 1444 904 1506 ium
927 1443 1079 1507 uictoriam
1102 1464 1157 1526 per
1179 1441 1318 1524 regiones

283 1562 363 1625 inter
385 1562 534 1624 Amisiam
557 1570 587 1625 et
603 1561 764 1640 Rhenum,
782 1562 912 1626 defectio
928 1562 1180 1645 Angrivariorum
1197 1582 1215 1623 a
1231 1567 1318 1643 tergo

283 1679 440 1742 victoris
472 1681 604 1763 agminis
637 1679 672 1743 ΙΙ
697 1684 736 1759 8,
769 1681 942 1745 indefessus
967 1682 1054 1764 vigor
1077 1680 1316 1756 Germanorum,

283 1798 430 1882 postridie
460 1798 555 1862 cladis
587 1802 682 1883 p'uene
715 1799 842 1883 integris
871 1799 987 1863 viribus
1012 1822 1148 1884 pugnam
1172 1821 1319 1863 renoven·

283 1919 380 1995 tium,
414 1918 488 1981 baec
519 1919 621 1982 omnia
654 1919 827 2002 principem
855 1919 902 1982 vel
930 1919 1014 1997 sola,
1040 1919 1159 1982 etiamsi
1184 1919 1318 2002 Augusti

285 2038 446 2102 consilium
475 2039 624 2103 concredi
651 2044 733 2102 iutra
757 2040 894 2102 terminos
916 2040 1034 2121 imperii
1056 2039 1074 2102 I
1101 2042 1134 2102 ΙΙ
1164 2039 1319 2123 negligere

284 2159 448 2238 voluisset,
482 2161 633 2225 adducere
672 2161 847 2226 debuerunt
886 2169 921 2224 ut
960 2161 1018 2224 hoc
1057 2183 1118 2224 non
1154 2168 1318 2245 pateretur.

283 2278 395 2363 Itaque
419 2279 620 2344 Germanicus
645 2280 833 2345 revocandus
859 2288 923 2343 erat
947 2303 962 2342 e
987 2279 1105 2356 Gallim
1131 2278 1190 2342 hcc
1214 2286 1315 2342 autem

285 2406 319 2461 ut
350 2398 474 2462 honoris
499 2400 599 2484 specie
623 2399 688 2463 fieri
713 2407 831 2483 posset,
858 2421 961 2462 ansam
986 2398 1153 2483 praebebat
1175 2397 1318 2460 decretus

284 2518 478 2602 triumphus,
511 2519 655 2602 quocirca
686 2519 759 2582 binc
792 2519 899 2583 merito
931 2519 963 2582 in
995 2519 1126 2604 epistola
1156 2517 1317 2582 exordium

284 2638 366 2702 fecit.
403 2638 516 2702 Addit:
548 2639 576 2702 εἰ
596 2640 684 2724 foret
707 2642 803 2703 adhuc
826 2641 1005 2717 bellandum,
1030 2641 1206 2724 relinqueret
1228 2645 1318 2701 mute·

284 2757 354 2819 rium
379 2757 476 2821 Drusi
489 2758 608 2842 fratria
626 2759 751 2839 plurius.
792 2756 840 2819 Ne
864 2780 934 2820 vero
959 2758 1027 2840 quis
1051 2765 1140 2841 putet
1163 2778 1231 2819 eum
1250 2778 1318 2840 pro·

284 2877 350 2960 prio
387 2876 450 2938 filio
492 2877 676 2940 concessisse
707 2876 790 2961 quod
825 2876 972 2960 adoptato
1007 2883 1188 2959 negaverat,
1221 2876 1316 2953 sciat,

288 2998 424 3062 Drusum
450 3000 578 3084 posthac
601 3022 759 3083 nunquam
785 3000 816 3062 in
834 2998 937 3062 Gallia
954 3007 1008 3061 aut
1025 2998 1190 3062 Germania
1206 2999 1317 3076 fuisse,

284 3140 340 3181 nec
371 3119 541 3202 prinoipem
574 3140 710 3201 unquam
742 3118 779 3181 ab
812 3119 968 3203 proposito
1000 3117 1172 3190 destitisse,
1197 3124 1318 3179 utnon

285 3238 344 3301 nisi
367 3238 549 3301 necessitate
573 3245 696 3301 coactus
721 3238 870 3300 exercitus
894 3238 970 3300 fines
993 3237 1096 3321 egredi
1120 3244 1283 3320 pateretur.

328 3357 375 3420 Ex
409 3358 456 3420 his
487 3358 734 3421 concludendum
766 3365 829 3432 est,
854 3379 974 3433 causas,
1000 3378 1055 3420 cur
1081 3356 1222 3421 Tiberius
1246 3354 1320 3419 Ger·

285 3477 436 3540 marricum
469 3498 610 3540 revocare
643 3499 675 3539 se
708 3476 840 3552 scribat,
870 3484 901 3538 et
925 3498 978 3559 per
1001 3473 1230 3558 se'probabiles
1254 3495 1319 3536 esse

285 3604 314 3657 et
346 3617 382 3658 ex
414 3594 524 3657 intima
551 3595 618 3657 cius
642 3595 737 3658 animi
759 3596 954 3679 persuasibus
977 3594 1119 3669 fluxisse,
1144 3593 1239 3676 igitur
1262 3615 1319 3676 pro

285 3713 449 3798 praetextis
473 3735 536 3776 non
561 3735 625 3776 esse
649 3714 815 3779 habendas.
858 3717 913 3792 At,
939 3736 1042 3777 uonue
1065 3715 1144 3777 veris
1161 3715 1243 3777 hisce
1260 3714 1319 3777 ulie

285 3855 377 3896 cause
408 3832 534 3896 subesse
568 3834 670 3916 potuit
701 3856 762 3897 uon
795 3834 898 3895 minus
922 3833 1044 3909 efficax,
1069 3833 1123 3896 sed
1150 3832 1317 3910 occultata,

285 3974 396 4036 nempe
419 3952 550 4016 odium?
574 3952 682 4015 Potuit
706 3953 860 4036 profecto,
886 3952 938 4015 sed
963 3951 1099 4015 nondum
1126 3951 1190 4015 ulla
1206 3951 1320 4014 iudicia

284 4072 487 4150 offendimus,
513 4074 626 4156 quibus
650 4075 693 4137 sic
717 4075 876 4136 aestimare
892 4094 1084 4157 cogeremur,
1103 4093 1138 4134 ea
1154 4072 1318 4135 autemin·

283 4190 363 4254 dicia
379 4214 457 4278 quae
481 4214 519 4254 ex
542 4193 666 4256 triennii
691 4192 783 4255 buius
800 4193 899 4275 spatio
916 4192 1046 4275 scriptor
1064 4197 1170 4253 noster
1186 4189 1316 4275 protulit
