3008 4920
776 409 816 470 74

266 633 343 692 pera
367 611 414 673 illi
437 618 465 674 et
489 634 591 691 moqno
610 611 745 695 proelio:
769 633 866 674 eorum
890 634 1000 696 quoqne
1022 614 1210 690 meminisset,
1233 637 1309 699 quoe

272 731 351 794 uenti
379 737 407 795 et
428 734 559 813 fluctus,
587 735 671 795 nullo
694 734 778 796 ducis
801 736 905 818 culpa,
926 735 1032 815 qrooio
1056 741 1150 799 tomen
1173 744 1201 799 et
1222 759 1309 800 saeuo

271 854 377 915 domno
390 853 564 916 intulissent.
590 853 626 915 Se
637 854 732 915 no'oies
744 876 763 915 o
775 854 841 916 diuo
855 856 983 935 Auqnsto
995 857 1026 918 im
1044 857 1229 920 Germaniam
1241 863 1309 922 mns-

269 991 332 1031 snm
351 971 465 1051 pluro
488 971 645 1033 consilio
664 994 765 1055 qnam
785 972 821 1034 ui
836 974 1051 1058 perfecisse.
1076 974 1124 1038 Sic
1139 976 1310 1056 Suqombros

270 1089 302 1150 in
332 1089 508 1151 deditionem
537 1097 683 1170 acceptos,
715 1090 759 1153 sio
789 1091 893 1154 Suebos
920 1115 1066 1177 reqemque
1094 1095 1309 1158 Maroboduum

269 1229 345 1291 paee
375 1210 550 1272 obstrictum.
599 1211 687 1272 Posse
719 1218 746 1272 et
778 1212 933 1274 Olerusoos
963 1218 1127 1297 ceterasque
1159 1216 1308 1279 rebellium

268 1337 383 1408 qentes,
415 1330 550 1413 quoniam
579 1331 730 1394 Romanae
760 1331 867 1393 ultioni
890 1335 1047 1396 consultum
1072 1340 1159 1411 esset,
1184 1335 1308 1398 internis

272 1447 427 1511 discordiis
455 1450 591 1533 relinqui.
639 1451 783 1513 Preoante
817 1451 988 1515 Germanico
1014 1476 1120 1515 aunum
1145 1455 1309 1537 efficiendis

273 1569 383 1648 coeptis
405 1569 506 1632 acrius
529 1569 698 1632 modestiam
720 1570 783 1632 eius
806 1570 974 1651 aqqreditur
989 1572 1112 1634 alterum
1128 1574 1308 1636 consulatum

270 1687 428 1770 offemudo,
459 1688 541 1751 cuius
571 1689 670 1751 munia
695 1711 837 1772 praeseus
863 1690 965 1753 obiret.
1005 1690 1100 1754 Simul
1121 1693 1307 1771 adnectebat,

267 1807 295 1870 si
316 1809 399 1888 foret
422 1811 517 1872 adbuc
541 1810 722 1885 bellandum,
751 1810 926 1894 relinqueret
950 1813 1097 1875 materiem
1121 1814 1217 1876 Drusi
1230 1815 1307 1899 fra-

268 1928 325 1990 tris
343 1929 471 2008 qlorioe,
498 1935 552 2013 qui
571 1931 652 1993 nullo
675 1936 734 1993 tum
758 1930 819 1994 alio
841 1932 921 1994 docte
943 1931 1003 1994 nisi
1026 1935 1109 2013 aqud
1131 1933 1308 1998 Germanias

271 2047 392 2130 adsequi
423 2069 523 2110 nomeu
551 2048 772 2132 imperatorium
801 2054 829 2111 et
856 2051 1010 2130 deportare
1039 2050 1171 2113 lauream
1196 2056 1306 2132 posset.

271 2167 369 2229 Hand
389 2173 543 2231 cunctatus
565 2175 607 2231 est
631 2171 708 2232 ultro
741 2170 947 2246 Germanicus,
974 2192 1184 2254 quamquam
1197 2171 1307 2256 finqi

268 2307 309 2348 eo
340 2308 448 2370 seque
471 2309 541 2368 per
571 2287 749 2350 inuidiam
776 2293 884 2371 porto
907 2289 978 2349 iam
1001 2288 1123 2351 decori
1145 2288 1307 2352 abstrait

267 2406 503 2485 intelliqeret.

315 2523 346 2586 Si
371 2523 443 2587 huie
467 2524 615 2608 epistolae
639 2524 713 2587 fides
737 2532 783 2587 est
808 2524 963 2605 habenda,
988 2524 1092 2594 Germ.
1118 2524 1245 2589 domum
1261 2548 1307 2590 re-

267 2651 394 2707 vocatus
427 2651 474 2707 est
504 2666 567 2708 non
595 2645 686 2708 aliam
710 2643 748 2708 ob
773 2666 911 2722 oausam,
937 2665 1029 2727 quam
1054 2652 1089 2707 ut
1112 2643 1305 2708 Germanicis

268 2759 357 2824 bellis
389 2761 513 2825 tandem
544 2762 612 2824 finis
637 2762 857 2845 imponeretur.
903 2759 1052 2840 Quaestio
1077 2769 1136 2838 est,
1162 2760 1305 2831 haeccine

270 2907 340 2948 vera
364 2908 455 2949 eausa
479 2910 517 2950 an
542 2887 686 2951 simulata
709 2887 802 2950 fuerit
817 2885 950 2950 Tiberio.
985 2885 1138 2969 Equidem
1154 2907 1256 2948 veram
1275 2892 1307 2949 et

268 3005 388 3068 unicam
408 3028 530 3069 eausam
546 3006 641 3069 fuisse
658 3028 693 3068 ex
710 3006 838 3069 historia
854 3005 1056 3068 demonstrari
1073 3027 1160 3089 posse
1172 3003 1303 3067 confido.

311 3124 470 3202 Tiberius,
496 3133 647 3209 utsupra
671 3124 791 3188 ostendi
815 3147 844 3208 p.
873 3127 909 3186 51
938 3145 1022 3207 sqq,
1052 3131 1195 3208 suscepto
1224 3124 1306 3208 prin·

265 3245 369 3328 eipatu
393 3248 476 3330 pacis
500 3269 591 3331 quam
616 3245 691 3310 belli
715 3246 774 3308 fuit
798 3243 965 3308 studiosior
991 3252 1021 3308 et
1045 3244 1168 3308 tuendis
1192 3243 1305 3307 finibus

265 3403 310 3412 —
334 3364 429 3449 idque
452 3366 647 3449 potissimum
672 3362 819 3441 oonsilio,
845 3363 999 3447 armisque
1015 3363 1138 3426 demum
1156 3363 1209 3427 ubi
1225 3362 1304 3426 illud

264 3483 408 3547 deficeret
430 3522 475 3533 —-
498 3491 679 3561 contentus,
706 3485 883 3569 prq‘ereudi
914 3484 1032 3567 imperii
1054 3483 1216 3546 incuriosus
1237 3487 1303 3545 erat

264 3602 311 3664 lv
336 3606 396 3679 323
429 3603 574 3686 quocirca
603 3603 687 3666 omui
719 3625 754 3666 ex
788 3609 873 3686 parte
905 3611 1037 3665 mentem
1070 3624 1157 3665 suam
1185 3624 1303 3685 expres·

267 3722 342 3784 sisse
365 3721 573 3785 aestimandus
599 3733 661 3798 est,
679 3743 775 3804 quum
792 3720 955 3798 scriberet,
972 3720 1046 3782 sotis
1061 3743 1121 3783 esse
1136 3728 1301 3796 eventuum,

265 3847 365 3903 cetera
394 3840 514 3903 comalio
545 3840 647 3924 potius
683 3861 775 3923 quam
808 3839 837 3901 oi
871 3837 1054 3922 perficienda
1087 3861 1161 3901 esse.
1209 3837 1302 3918 Quod

266 3968 367 4023 autem
392 3959 494 4036 addit,
519 3959 688 4024 Germanos
711 3959 840 4022 internis
864 3957 1024 4021 discordiis
1041 3980 1130 4042 posse
1151 3958 1299 4042 relinqui,

267 4081 299 4143 iu
330 4103 365 4144 eo
395 4080 569 4144 acutissime
601 4080 678 4143 vidit
709 4101 786 4164 quae
818 4079 923 4142 futura
953 4086 1071 4155 essent,
1105 4100 1201 4160 quum
1232 4100 1301 4141 mox

265 4199 347 4262 inter
382 4198 608 4266 Maroboduum
640 4206 671 4262 et
706 4197 880 4263 Arminium
916 4196 1031 4261 bellum
1068 4204 1208 4260 exortum
1243 4197 1301 4275 sit,
