3008 4920
677 362 764 471 ὀι

234 619 368 702 Augusti
400 618 572 702 exemplum
604 640 635 680 se
666 616 881 693 conformavit,
907 616 933 680 si
956 615 1031 679 fides
1054 615 1195 679 habenda
1218 623 1264 678 est

233 737 326 801 Dioni
349 735 455 800 Cassio
483 737 521 799 de
545 738 689 820 Augusto
713 734 827 798 dicenti
853 735 911 811 55,
937 737 974 798 5ι
999 730 1041 798 ἔτι
1061 733 1105 809 δὲ,
1130 735 1179 797 οὐκ
1202 731 1264 808 ἐξὸν

230 855 259 920 ὃν
281 856 378 921 δοῦλον
401 855 483 921 κατα
503 854 643 919 δεσπότου
666 854 900 931 βασανισθῆναι,
926 852 1092 925 ἐκέλευσεν,
1110 851 1208 923 δ’σακις
1227 851 1264 916 ἂν

232 977 320 1056 χρεία
342 975 468 1040 τοιούτου
491 976 565 1045 τινὸς
589 974 727 1050 γένηται,
750 975 791 1052 τῷ
814 972 938 1052 δημοσίῳ
960 971 1048 1037 αὐτὸν
1072 969 1153 1047 >lael
1170 971 1263 1050 ἕαντῷ

231 1093 465 1174 πιπράσκεσθαι,
484 1091 559 1166 ὅπως
582 1095 618 1165 ὡς
642 1091 792 1170 ἀλλότριος
815 1097 866 1156 τοῦ
889 1091 1047 1171 κρινομένου
1071 1091 1107 1155 ὢν
1128 1087 1264 1170 ἐξεταζο-

231 1238 300 1309 ται,
322 1215 346 1277 οἱ
368 1215 421 1290 μὲν
437 1216 554 1294 ᾐτιῶντο
564 1249 609 1261 -
621 1213 645 1277 οἱ
665 1211 694 1275 δὲ
710 1216 873 1288 ἀναγκαῖον
889 1210 961 1277 αὐτὸ
977 1210 1107 1292 ἔφασκον
1122 1204 1203 1274 εἶναι.
1217 1247 1261 1258 -

231 1333 278 1396 De
291 1332 424 1398 Tiberio
435 1412 437 1417 ι
450 1335 503 1411 57,
531 1334 580 1395 19.

276 1453 418 1536 Denique
441 1446 563 1537 gratum
582 1451 676 1515 luisse
692 1450 815 1514 Tiberio
831 1448 959 1514 Libonis
974 1450 1072 1513 fatum
1090 1471 1124 1513 eo
1142 1471 1265 1535 quoque

231 1571 383 1655 persuasit
398 1569 458 1633 sibi
473 1569 613 1645 Tacitus,
630 1567 712 1653 quod
729 1576 798 1631 octo
818 1567 905 1631 annis
922 1576 992 1651 post
1009 1567 1122 1631 Firmis
1138 1567 1264 1642 Catoni,

217 1691 285 1773 ·qui
307 1688 458 1753 Libonem
481 1689 620 1752 illexerat
643 1689 674 1750 in
697 1686 840 1764 insidias,
857 1709 908 1751 reo
924 1687 1071 1751 falsorum
1087 1687 1263 1763 criminum,

230 1808 356 1872 exilium
380 1807 559 1892 deprecatus
583 1813 679 1871 esset:
704 1805 766 1869 eius
781 1827 886 1886 operae
901 1827 1020 1884 memor,
1035 1809 1088 1869 sed
1100 1806 1163 1870 alia
1173 1827 1261 1890 prae·

231 1929 357 1992 tendens.
383 1925 428 1988 IV
448 1929 506 1991 31.
551 1924 666 1989 Verum
700 1924 841 1988 exsilium
871 1923 941 1987 ideo
973 1924 1167 2008 deprecatum
1200 1945 1264 1987 esse

232 2049 417 2133 principem,
442 2054 488 2111 est
512 2069 594 2111 mera
616 2046 766 2131 suspicio,
789 2067 881 2130 quam
905 2067 993 2109 nemo
1017 2046 1106 2110 facile
1129 2055 1183 2109 aut
1198 2068 1266 2130 pro·

234 2168 352 2232 baverit
383 2174 437 2231 aut
468 2167 663 2243 refutaverit,
696 2165 749 2228 sed
780 2186 858 2249 quae
890 2166 986 2229 varias
1019 2165 1057 2229 ob
1087 2187 1192 2228 causas
1216 2188 1267 2249 pa·

233 2309 303 2350 rum
337 2284 510 2350 verisimilis
546 2307 610 2349 esse
646 2283 788 2347 videtur:
826 2282 958 2367 primum
994 2281 1102 2346 Ilirmii
1136 2305 1265 2366 poenam

233 2428 296 2470 non
329 2406 454 2469 omnino
483 2404 610 2499 sustulit
641 2403 693 2467 sed
725 2403 837 2466 levavit
867 2409 1003 2479 tautum,
1032 2424 1093 2487 quo
1117 2402 1264 2466 beneficio

234 2527 310 2590 alios
334 2548 457 2610 quoque
483 2524 583 2588 affecit
614 2523 686 2607 (vid.
713 2546 742 2607 p.
768 2526 809 2587 38
835 2525 935 2607 ann.):
961 2518 1085 2600 deinde,
1109 2523 1266 2588 Tiberium

234 2653 440 2709 accusatorem
463 2667 566 2708 carum
590 2644 733 2708 habuisse
757 2650 788 2706 et
810 2665 896 2707 reum
920 2641 1038 2721 odisse,
1066 2665 1128 2706 non
1158 2645 1265 2707 confir-

231 2772 333 2829 matur
360 2787 411 2842 eo,
439 2763 522 2846 quod
551 2763 682 2847 legimus
714 2761 834 2839 1128,
861 2785 931 2826 enm
954 2763 1037 2826 huuc
1060 2763 1192 2848 benigne
1216 2785 1265 2827 ex·

232 2884 364 2968 cepisse,
397 2883 444 2946 illi
478 2890 584 2946 contra
618 2882 743 2946 domum
778 2904 928 2966 auresque
955 2884 1073 2946 clausas
1105 2881 1264 2947 habuisse:

232 3002 381 3085 denique,
413 3002 512 3065 Taciti
543 3009 777 3085 argumentum,
806 3003 879 3087 quia
909 3003 1057 3078 nimium,
1090 3002 1169 3066 nihil
1200 3024 1267 3086 pro·

232 3120 294 3184 bat.
339 3121 463 3184 Etenim
487 3121 512 3183 si
537 3119 631 3184 Catus
656 3121 695 3185 ob
719 3120 888 3205 praebitam
913 3143 1036 3205 operam
1057 3126 1267 3185 remuneratus

149 3270 154 3277 ·
232 3247 278 3302 est
309 3248 379 3323 post
410 3247 479 3302 octo
512 3261 624 3315 anuos,
657 3260 712 3302 cur
738 3239 851 3322 reliqui
882 3247 1073 3304 accusatores
1101 3239 1183 3302 intra
1210 3239 1267 3302 boc

234 3355 366 3438 spatium
401 3355 503 3419 miuus
539 3362 660 3439 gratnm
692 3354 838 3438 principis
867 3353 1002 3418 animum
1030 3354 1147 3439 experti
1173 3353 1268 3417 sunt?

236 3475 356 3560 Nempe
387 3477 497 3540 Fontei
529 3477 685 3560 Agrippae
716 3475 814 3552 filiae,
847 3475 885 3538 ad
915 3474 1084 3539 Vestalium
1109 3496 1265 3538 sacrorum

236 3595 420 3679 praesidium
452 3618 470 3658 a
502 3602 588 3680 patre
618 3594 755 3671 oblatae,
787 3594 933 3678 praetulit
969 3593 1117 3658 Pollionis
1153 3592 1263 3670 filiam,

236 3713 351 3777 solatus
382 3713 465 3776 illam
490 3713 590 3776 decies
614 3712 746 3776 sestertii
769 3711 840 3775 dote
863 3711 898 3775 Π
923 3715 974 3777 86.
1020 3712 1098 3775 Tum
1122 3712 1265 3776 Trionem

236 3832 300 3916 ipse
330 3855 368 3896 ne
399 3832 542 3897 facundia
567 3831 743 3895 abuteretur
766 3830 932 3913 aliquando
955 3831 1115 3895 admonuit
1136 3830 1189 3894 III
1214 3833 1265 3894 19.

237 3948 292 4026 Et,
318 3949 401 4031 quod
425 3948 550 4012 adversa
574 3949 672 4013 fronte
700 3954 819 4031 pugnat
845 3969 915 4011 cum
937 3948 1005 4010 loco
1029 3948 1066 4011 de
1090 3948 1203 4018 Firmio
1227 3949 1266 4013 ob

153 4087 155 4090 ·
238 4074 414 4129 accusatum
437 4065 588 4129 Libonem
612 4065 745 4149 praemio
774 4071 895 4142 ornato,
921 4065 1116 4130 Vescularius
1139 4066 1266 4130 Flaccus

236 4186 272 4266 (c.
305 4185 358 4268 28)
395 4187 432 4246 16
465 4185 553 4247 annis
588 4190 657 4268 post
692 4183 730 4246 ad
761 4190 889 4248 mortem
922 4192 1008 4248 actus
1039 4207 1104 4263 esse
1134 4183 1265 4262 dicitur,
