3008 4920
733 427 774 487 32

235 632 327 709 Silio,
352 632 405 715 qui
432 631 621 695 adversarius
645 630 766 708 Seiani,
788 633 838 695 cui
854 633 1043 718 imprudenti
1061 635 1207 699 iactantia
1224 659 1275 720 po·

238 758 379 814 testatem
404 751 451 813 sui
475 749 614 826 dederat,
636 749 729 813 huius
753 751 1032 815 machinationibus
1052 752 1212 816 absumtus
1228 763 1274 816 est

234 870 280 934 IV
310 874 359 934 18.
407 870 516 954 Itaque
541 871 566 933 si
590 870 660 954 quis
688 870 765 934 torte
788 870 872 934 hunc
897 871 1043 936 honorem
1068 872 1198 956 adeptus
1223 896 1274 958 po·

236 999 316 1068 stea,
348 990 396 1053 uti
423 989 533 1067 Silius,
558 988 647 1052 sliam
672 1012 796 1074 prorsus
820 989 859 1054 ob
883 1012 1004 1054 causam
1029 990 1061 1054 in
1085 992 1199 1055 crimen
1225 1014 1274 1054 vo·

236 1118 338 1186 eatur,
370 1108 402 1171 id
427 1130 443 1170 e
467 1107 567 1171 Taciti
594 1115 695 1171 monte
719 1106 918 1192 Imperatoris
946 1107 1079 1171 invidiae
1107 1109 1182 1173 vitio
1211 1132 1274 1172 ver·

236 1228 364 1292 tendum
396 1236 460 1304 est;
493 1227 520 1290 si
552 1248 641 1304 vero,
673 1238 709 1290 ut
733 1227 845 1312 reliqui
869 1249 993 1306 omrres,
1017 1228 1186 1293 incolumes
1211 1229 1274 1293 lato

234 1350 424 1434 funguntur,
458 1349 489 1412 id
523 1349 636 1413 factum
672 1371 767 1433 paene
799 1349 897 1413 invito
923 1351 1079 1435 principe,
1104 1360 1214 1436 atque,
1239 1360 1275 1415 ut

233 1471 276 1533 ait
308 1469 346 1532 de
377 1468 508 1545 Sabino,
541 1469 659 1531 nuttam
684 1470 821 1532 animiam
848 1471 1015 1546 chortem,
1039 1473 1094 1533 sed
1114 1474 1194 1555 qnod
1212 1496 1271 1552 par

231 1594 360 1676 repotiis
390 1614 483 1677 neque
512 1614 605 1675 snpra
636 1598 716 1670 erat,
742 1592 807 1670 vel,
833 1600 868 1656 ut
894 1601 997 1656 nostro
1021 1593 1106 1671 loco,
1132 1597 1164 1655 ot
1190 1595 1272 1657 citae

230 1714 412 1778 modestiam.

279 1831 416 1896 blandem
447 1831 555 1895 iudicii
587 1831 825 1895 inconstantiam
854 1841 884 1896 et
907 1832 1141 1918 ambiguitatem
1164 1835 1273 1918 reperi·

236 1972 304 2013 mus
329 1951 359 2013 in
384 1950 405 2013 l.
430 1949 649 2013 11136-38.
690 1950 825 2014 Absente
851 1959 936 2034 patre
960 1942 991 2014 in
1009 1950 1176 2035 Campania
1193 1950 1274 2014 Dru-

167 2072 173 2081 '
237 2092 289 2132 sus
322 2070 467 2154 repressit
498 2069 576 2132 banc
600 2069 774 2147 licentiam,
799 2077 834 2133 ut
858 2071 1066 2135 nocentissimi
1091 2073 1207 2157 quique
1230 2095 1274 2137 ar·

235 2200 324 2277 repta
356 2192 503 2277 principis
539 2192 690 2277 imagine,
726 2193 851 2276 impune
886 2192 1126 2256 dimitterentur.
1174 2162 1272 2257 Simul

233 2312 295 2375 duo
328 2312 464 2396 equites,
497 2311 552 2394 qui
582 2311 661 2374 fictis
691 2310 869 2376 criminibus
901 2320 1070 2396 praetorem
1102 2313 1271 2396 petiverant

231 2440 353 2497 arrctore
376 2433 522 2512 Principe
545 2455 581 2494 ac
605 2434 721 2495 decreto
745 2433 875 2495 Senatus
891 2435 1006 2514 puniti.
1047 2434 1209 2517 Utrumque
1231 2435 1269 2497 in
1330 2484 1334 2491 .

232 2553 378 2615 taudem
413 2551 527 2613 Drusi
559 2553 752 2627 tradebatur,
779 2552 832 2635 qui
857 2552 1032 2614 incuriosus
1054 2554 1189 2637 quidem,
1212 2574 1270 2615 non

233 2682 331 2738 tamen
359 2674 438 2757 (scil.
464 2683 500 2737 ut
523 2675 624 2760 pater)
644 2675 727 2737 sotus
743 2682 772 2738 et
788 2676 885 2738 nullis
903 2675 1111 2758 uoluptatibus
1126 2683 1270 2739 avocatus

234 2803 373 2857 moestam
395 2791 592 2876 'capitanatum
615 2801 644 2856 et
663 2794 762 2857 malas
782 2812 870 2857 curas
890 2801 1044 2858 coerceret.
1077 2794 1116 2856 N
1116 2817 1156 2857 on
1178 2797 1269 2858 enim

238 2915 411 2977 l'iterinr
433 2936 501 2976 narr
526 2922 761 2977 accusatores
771 2915 1011 2998 fatiscebant.
1037 2916 1080 2977 Et
1098 2917 1270 2978 Ancharius

235 3036 362 3099 Priscus
384 3036 521 3099 Caesiam
544 3037 684 3127 Cordum,
703 3056 757 3118 pro
779 3035 899 3098 corrsule
924 3039 1043 3111 Cretae,
1057 3036 1269 3115 postulaverat

235 3157 426 3238 repetundis,
458 3156 563 3217 addito
592 3156 765 3217 maiestatis
793 3155 918 3217 crimine
947 3158 1027 3239 qnod
1055 3161 1117 3217 tum
1141 3157 1270 3218 omnium

234 3274 458 3338 accusationum
485 3273 726 3355 complementum
753 3279 829 3338 erat.
879 3275 991 3335 Caesar
1022 3274 1191 3335 Antistium
1221 3296 1269 3336 ve·

232 3402 324 3457 terem
349 3418 364 3455 e
381 3394 565 3476 primoribus
591 3392 804 3467 Macedoniae,
823 3393 993 3454 absolutum
1010 3393 1158 3455 adulterii
1173 3370 1269 3455 incre-

230 3514 308 3595 pitis
337 3513 505 3589 iudicr'bas,
535 3513 579 3574 od
607 3512 762 3574 dicendam
789 3511 961 3574 maiestatis
983 3533 1104 3575 caueam
1127 3512 1269 3589 retranit,

234 3642 268 3695 ut
292 3634 444 3696 turbidum
466 3639 496 3694 et
518 3632 755 3712 Rhescuporidis
772 3629 941 3713 (Thraciam
960 3629 1182 3715 perturbantis,
1199 3629 1269 3693 vide

236 3754 316 3836 sqq.)
339 3751 477 3813 coresiliir
501 3750 689 3832 permistam.
726 3746 805 3812 Vide
833 3770 923 3831 quam
952 3758 1058 3832 parum
1083 3748 1115 3811 in
1139 3748 1187 3811 his
1209 3747 1268 3812 sibi

233 3880 362 3936 constet.
412 3871 584 3934 Licentiam
620 3869 704 3933 illam
740 3868 1020 3951 amplectendarum
1051 3869 1220 3951 imaginum
1251 3890 1269 3930 a

232 3992 296 4055 filio
320 4000 350 4055 et
374 3998 483 4054 senatu
507 3990 689 4053 refrenatam
714 4010 853 4051 essenon
871 3985 1179 4064 annuents'lbberio,
1197 4008 1265 4050 eum

233 4133 287 4196 per
310 4133 342 4173 se
367 4120 434 4173 tum
459 4109 497 4173 ob
527 4109 670 4190 frequens
694 4106 852 4170 literarum
877 4106 1091 4170 commercium
1116 4107 1195 4169 inter
1219 4105 1269 4170 ab·

234 4239 349 4296 sentem
374 4230 539 4315 principem
566 4235 596 4291 et
619 4227 764 4291 Senatum
789 4247 815 4290 o.
842 4228 900 4304 35,
925 4225 975 4288 rix
991 4223 1152 4303 credibile;
1177 4247 1267 4309 porro
