3008 4920
768 381 805 442 10

264 590 394 652 maxime
419 589 659 673 perdidicerant,
685 590 789 654 callidi
814 598 986 676 temporum
1011 599 1042 654 et
1064 592 1216 675 sapientes
1236 616 1298 658 ore·

263 707 432 786 debentur,
457 710 500 773 sio
524 733 607 774 nuuc
631 711 704 775 haec
728 711 869 795 conquiri
893 711 1035 796 tradique
1058 714 1298 799 recensuerit,

263 829 335 911 quia
367 829 456 914 pauci
490 830 655 915 prudentia
686 831 814 894 honesta
843 831 880 895 ab
912 830 1115 897 deterioribus
1146 834 1237 898 utilia
1261 834 1299 898 ab

262 949 361 1013 noxiis
378 948 573 1026 discernunt,
592 950 695 1034 plures
710 952 834 1015 alimum
858 953 966 1015 eventio
982 953 1151 1017 urentur?
1185 953 1229 1016 [V
1254 955 1296 1016 32

262 1074 293 1130 et
316 1070 369 1130 33.
405 1067 523 1131 Pariter
544 1067 595 1131 ΙΙΙ
619 1071 679 1132 65;
708 1068 816 1153 „quod
849 1069 1048 1156 praecipuum
1072 1093 1184 1134 munus
1208 1094 1299 1136 anna-

262 1186 336 1250 lium
362 1210 446 1265 reor,
472 1210 510 1251 ne
534 1188 662 1253 virtutes
686 1188 852 1266 sileantur,
882 1203 978 1272 utque
1001 1190 1102 1274 pravis
1126 1190 1216 1254 dictis
1240 1192 1298 1254 fao·

261 1305 362 1389 tisque
386 1328 423 1370 ex
446 1307 623 1391 posteritate
647 1316 678 1370 et
704 1307 829 1371 infamia
852 1315 943 1372 metus
965 1307 1038 1370 rit.''
1084 1307 1195 1390 Itaque
1214 1309 1300 1372 iuxta

261 1426 396 1489 veritatis
415 1427 621 1510 cognitionem
641 1427 700 1492 hoc
719 1450 841 1512 quoque
861 1427 965 1492 studio
984 1427 1155 1492 ducebatur
1171 1436 1206 1490 ut
1222 1427 1319 1512 poli,

261 1543 351 1606 ticam
376 1543 570 1628 prudentiam
587 1545 726 1622 doceret,
744 1547 928 1630 virtutisque
945 1546 983 1610 ob
1000 1546 1128 1630 gloriam
1145 1568 1295 1624 amorem,

260 1663 404 1728 vitiorum
428 1674 552 1750 propter
575 1665 731 1730 infamiam
747 1674 863 1730 metum
881 1666 990 1729 animis
1007 1665 1200 1743 infunderet,
1223 1664 1297 1730 dum

259 1785 443 1849 narrationis
477 1785 671 1850 iucunditate
695 1786 870 1850 oblectaret.
918 1786 964 1849 Ex
990 1786 1047 1849 hoc
1070 1786 1154 1850 fonte
1179 1785 1297 1870 amplae

259 1903 330 1967 illae
354 1911 384 1967 et
407 1904 671 1988 splendidissimae
691 1906 847 1969 fluxerunt
862 1905 1082 1990 descriptiones
1097 1905 1295 1989 proeliorum,

259 2024 444 2089 iudiciorum
473 2025 663 2110 aliarumque
690 2049 791 2090 rerum
826 2027 963 2090 omnium
994 2048 1072 2109 quae
1097 2025 1135 2088 ad
1160 2025 1297 2110 proposi·

259 2154 326 2210 tum
361 2145 439 2210 illud
474 2146 625 2230 pertinere
664 2146 848 2211 viderentur.
896 2145 934 2210 In
971 2147 1017 2209 his
1048 2153 1149 2209 autem
1183 2152 1213 2209 et
1244 2144 1297 2208 ille

260 2275 291 2331 et
315 2267 407 2332 ceteri
431 2267 529 2331 multa
549 2268 752 2332 admittebant
768 2267 910 2332 licentiae
926 2267 1026 2351 podsis
1043 2288 1135 2350 quam
1151 2265 1297 2330 historiae

260 2388 413 2452 severitati
437 2389 532 2474 magis
555 2411 707 2473 congrua,
733 2389 847 2473 quippe
871 2389 926 2472 qui
950 2410 1011 2451 non
1029 2395 1149 2451 tantum
1167 2393 1299 2470 praeter·

262 2509 305 2573 ita
336 2510 470 2575 revelare
502 2510 555 2575 sed
587 2511 678 2575 simul
713 2510 855 2594 aequales
885 2519 1085 2594 posterosque
1109 2530 1297 2573 commovere

261 2637 292 2689 et
323 2627 483 2692 emendare
515 2627 675 2693 studerent
683 2655 692 2706 3
725 2628 798 2692 hinc
822 2627 931 2692 iisdem
956 2649 1070 2712 paene,
1095 2626 1208 2711 quibus
1233 2647 1298 2689 ora-

261 2755 360 2826 tores,
395 2749 564 2833 praeceptis
597 2748 794 2825 tenebantur,
827 2771 861 2812 ac
885 2769 1009 2834 prorsus
1033 2747 1065 2811 in
1090 2755 1230 2810 nostrum
1254 2767 1300 2808 ca·

262 2869 342 2934 dunt
378 2893 456 2955 quae
495 2871 726 2951 Quinctilianus
758 2871 796 2934 de
827 2879 982 2935 oratorum
1014 2871 1145 2950 ἐνεργείαι
1176 2867 1299 2952 scripsit-

261 2990 287 3055 I.
320 2991 359 3055 Ο.
391 2997 430 3068 8,
463 2995 499 3056 8:
535 2991 608 3069 „Sic
643 2992 766 3056 urbium
802 3003 960 3075 captarum
992 2990 1100 3053 crescit
1132 2988 1297 3051 miseratio.

261 3113 356 3191 „Sine
387 3113 482 3178 dubio
514 3113 611 3189 enirn,
644 3113 698 3196 qui
728 3111 804 3175 dicit
827 3117 1024 3193 eoepupnatam
1043 3131 1103 3173 eoae
1126 3109 1297 3185 civitatem,

262 3234 500 3320 „complectitur
530 3235 650 3312 omnia,
682 3255 893 3317 quaecumque
923 3231 993 3295 talis
1025 3231 1149 3295 fortuna
1174 3228 1297 3313 recipit:

261 3355 336 3433 „sed
361 3356 393 3418 in
416 3355 541 3418 affectus
565 3346 675 3418 minus'
691 3338 830 3438 penetrat
855 3352 953 3416 brevis
978 3352 1028 3416 hic
1053 3351 1137 3414 velut
1157 3349 1296 3413 nuntius.

263 3477 343 3551 „Aa
368 3474 394 3537 si
417 3474 535 3558 aperias
559 3472 650 3548 haec,
675 3494 753 3556 quae
778 3472 869 3536 verbo
894 3494 956 3535 uno
980 3471 1099 3535 inclusa
1123 3477 1228 3544 erant,
1247 3490 1299 3552 ap·

264 3595 439 3679 „parebunt
469 3595 555 3658 fusae
585 3616 638 3678 per
668 3592 775 3656 domos
800 3615 835 3656 ac
858 3592 972 3676 templa
995 3592 1134 3654 flammae
1158 3604 1188 3653 et
1211 3611 1299 3652 ruen-

263 3717 363 3792 „tium
393 3723 543 3779 tectorum
575 3714 693 3797 fragor,
726 3722 756 3776 et
787 3735 823 3775 ex
854 3711 981 3775 diversis
1008 3710 1193 3774 clamoribus
1218 3731 1298 3772 nnus

262 3834 409 3917 „quidem
441 3855 552 3896 sonus:
582 3832 713 3896 aliorum
744 3833 817 3916 fuga
848 3831 981 3909 incerta,
1015 3831 1068 3893 alii
1098 3831 1131 3893 in
1162 3837 1297 3893 extremo

264 3953 448 4040 „complexu
465 3976 591 4017 suorum
607 3953 821 4028 cohaerentes,
835 3960 865 4014 et
877 3952 1040 4015 infantium
1054 3951 1298 4034 feminarumque

266 4074 441 4159 ‚,ploratus,
474 4085 504 4138 et
537 4074 616 4138 male
642 4074 675 4137 in
698 4072 786 4136 illum
811 4095 909 4156 usque
933 4070 1013 4135 diem
1038 4071 1148 4134 servati
1170 4070 1233 4133 fato
1256 4092 1300 4133 se·

264 4216 357 4271 „nesz
390 4202 456 4257 tum
483 4192 537 4257 illa
561 4193 759 4277 profanorum
783 4211 999 4273 sacrorumque
1023 4187 1155 4272 direptio
1178 4188 1300 4252 efferen-
