3008 4920
728 420 769 480 33

230 622 323 686 falsos
353 624 429 687 istos
453 630 643 686 accusatores
668 623 792 706 punitos
816 643 881 684 esse
905 621 948 683 ait
972 627 1092 682 auctore
1116 619 1262 702 principe.

232 737 264 801 Si
287 738 385 822 igitur
408 745 539 821 utraque
562 760 609 801 res
632 737 712 800 laeta
735 759 789 821 per
811 736 949 799 Drusum
974 734 1113 818 quidem,
1139 734 1191 797 sed
1215 756 1265 818 pa-

234 857 291 920 tris
328 857 509 920 auctoritate
543 857 622 920 facta
652 863 714 931 est,
746 877 800 919 cur
829 855 860 918 in
892 855 983 918 unius
1015 853 1110 917 Drusi
1141 852 1264 916 laudem

234 975 376 1039 trahitur.
423 974 518 1051 Sanc,
547 975 639 1038 refert
667 974 727 1037 hoc
757 995 819 1036 nou
853 981 888 1036 ut
919 976 1005 1036 suam
1038 971 1091 1035 sed
1120 979 1156 1035 ut
1180 972 1265 1055 vulgi

233 1092 407 1176 opinionem
426 1092 466 1175 ¹),
491 1090 570 1154 hauc
593 1113 664 1154 vero
693 1097 747 1153 aut
774 1112 835 1154 nou
859 1089 1000 1152 retulisse
1024 1099 1077 1152 aut
1101 1090 1265 1153 correxisse

234 1208 322 1293 aequi
357 1209 458 1271 fuerat
485 1207 634 1271 historici.
677 1207 784 1292 Pergo.
824 1206 929 1286 Quum
961 1206 1053 1271 modo
1076 1207 1154 1270 dixit
1180 1206 1267 1271 Tibe·

234 1327 313 1390 rium
336 1327 429 1390 falsos
453 1326 603 1390 delatores
626 1328 804 1411 repressisse
827 1326 921 1411 idque
944 1326 1039 1389 Drusi
1062 1327 1185 1390 nominc
1201 1326 1267 1390 lau-

178 1477 182 1487 ·
235 1444 337 1524 davit,
361 1445 508 1508 continuo
531 1444 728 1529 reprehendit
747 1445 812 1507 cius
829 1445 928 1506 mules
944 1466 1049 1521 rurae,
1068 1444 1150 1527 quod
1167 1467 1266 1527 neque

237 1563 275 1628 ab
303 1563 475 1627 accusando
506 1563 572 1647 ipsc
599 1563 772 1639 desisteret,
796 1584 895 1645 neque
918 1562 993 1625 alios
1018 1562 1188 1639 cohiberct3
1213 1563 1266 1625 scd

235 1685 303 1749 vide
319 1684 473 1769 quomodo
498 1684 555 1747 hoc
580 1683 703 1767 probet:
721 1684 813 1748 refert
829 1683 905 1747 duas
922 1684 1207 1748 condemnationes:
1225 1683 1267 1745 al-

234 1817 329 1872 teram
350 1808 588 1892 repetuudarum
609 1809 652 1870 rei
675 1807 725 1890 (ci.
745 1827 782 1869 111
806 1811 869 1890 70),
894 1806 1017 1869 alteram
1043 1805 1180 1868 seditiosi
1202 1805 1267 1867 Ma-

236 1928 368 1992 cedonis.
408 1928 450 1991 At
475 1949 545 1991 vero
569 1928 682 1990 taliane
706 1927 833 1990 crimina
849 1926 1010 1989 obliterare
1029 1925 1102 1989 boni
1119 1925 1266 2009 principis

237 2069 300 2110 esse
332 2045 534 2110 aestimabat?
567 2045 708 2123 Etenim,
742 2052 796 2108 aut
827 2045 1052 2128 provinciarum
1076 2066 1267 2128 oppressores

238 2173 268 2227 et
291 2187 397 2228 revum
420 2186 568 2227 novarum
592 2172 730 2227 auctores
753 2162 860 2226 Tacito
884 2160 1061 2225 absolvendi
1085 2171 1132 2238 et,
1157 2162 1183 2224 si
1199 2184 1269 2245 poe·

237 2304 291 2346 nas
324 2282 433 2358 luunt,
464 2281 628 2344 miserandi
651 2289 740 2358 suut,
765 2288 819 2345 aut
842 2279 982 2344 Tiberius
1005 2279 1044 2344 ob
1068 2280 1123 2342 has
1147 2279 1268 2343 damua-

237 2401 337 2463 tioues
361 2401 389 2463 ei
412 2399 586 2463 laudandus
610 2400 726 2476 fuerat,
743 2421 806 2463 non
822 2398 1099 2483 reprehendendus.
1131 2397 1267 2461 Tertium

238 2542 300 2583 nou
328 2519 428 2583 datur.
475 2518 533 2582 S'ed
565 2541 645 2604 ponc
676 2542 726 2583 eas
749 2517 965 2603 improbandas
988 2518 1099 2594 fuisse,
1125 2539 1202 2600 quac
1227 2525 1269 2581 ta·

240 2663 309 2704 men
334 2648 380 2703 est
402 2638 457 2703 illa
479 2640 613 2717 iustitia,
638 2661 715 2722 quae
739 2640 890 2724 quidquid
913 2638 986 2703 boni
1011 2627 1121 2702 accidit
1145 2638 1269 2702 absente

238 2756 361 2822 Tiberio
383 2757 415 2820 in
440 2757 570 2820 aliorum
594 2756 730 2837 laudem,
754 2757 905 2842 quidquid
929 2757 1003 2820 mali
1025 2758 1056 2820 iu
1077 2757 1174 2840 ipsius
1191 2757 1270 2818 vitu-

240 2875 425 2958 perationem
449 2875 686 2940 commemoret?

231 3174 237 3179 .
285 3111 360 3197 Dap.
387 3115 439 3176 84.
485 3112 599 3177 Tiberii
623 3135 719 3177 nurus
744 3111 832 3175 Livia
855 3115 929 3175 duos
950 3114 1053 3176 virilis
1071 3135 1160 3176 secus
1178 3114 1271 3185 simul

240 3233 330 3295 mira
353 3239 405 3295 eei.
456 3234 542 3302 Quod
562 3255 662 3295 rarum
688 3234 858 3316 laetumque
880 3235 969 3296 etiam
993 3235 1118 3296 modicia
1142 3235 1268 3296 Penati-

239 3353 307 3428 bus,
331 3358 417 3414 tento
437 3353 551 3433 paedio
568 3352 738 3434 principem
761 3352 890 3437 adfecit,
912 3360 946 3415 ut
969 3375 1025 3414 non
1051 3353 1271 3435 temperaverit,

241 3470 312 3554 quin
337 3470 467 3532 iactaret
489 3472 573 3552 apud
595 3471 706 3532 Patres
729 3471 811 3532 nulli
835 3478 906 3532 anie
925 3471 1124 3533 &manorum
1141 3472 1271 3533 eiusdem

234 3590 368 3674 fastipii
392 3591 455 3652 ciro
471 3591 619 3670 pemirram
639 3590 761 3672 stirpem
779 3591 899 3652 editam.
924 3590 979 3652 Est
996 3590 1125 3674 gloriola
1140 3590 1171 3653 iu
1188 3597 1273 3675 patre

245 3729 364 3792 avoque
389 3714 419 3770 et
443 3707 617 3791 praesertim
642 3708 674 3770 iu
698 3708 835 3792 principe
859 3708 946 3772 facile
969 3708 1155 3786 excusanda,
1173 3731 1275 3792 quam·

245 3848 306 3910 que
328 3825 444 3890 nemini
467 3847 528 3889 nou
553 3825 748 3910 comprobare
771 3827 874 3909 potius
899 3849 991 3910 quam
1007 3827 1142 3890 cavillari
1158 3826 1275 3891 libebit.

250 3948 363 4033 Itaque
387 3947 504 4011 insulsa
528 3956 558 4011 et
583 3949 693 4011 morosi
718 3949 850 4012 censoris
874 3957 946 4013 suut
965 3971 1042 4032 quae
1058 3957 1161 4013 noster
1174 3949 1276 4014 addit:

284 4203 308 4262 1)
326 4203 362 4251 De
379 4202 428 4252 hac
441 4203 492 4251 eius
510 4203 601 4252 ratione
619 4203 722 4253 vidimus
738 4221 761 4269 p.
780 4205 811 4253 28
828 4204 909 4268 ibique
926 4206 950 4253 iu
968 4208 1050 4253 annot.

1140 4302 1159 4357 3
