3008 4920
729 419 768 480 13

231 630 395 694 videretur.
430 628 504 693 Tale
523 628 679 694 vinculum
699 626 876 712 quaerenti,
899 649 961 711 qno
977 626 1129 690 contraria
1139 625 1268 709 ligaret,

168 818 171 823 ,
231 769 302 811 cum
333 770 385 825 ea,
426 769 505 831 quae
540 769 632 832 supra
667 746 931 822 enumeravimus,
970 745 1087 822 fontes,
1123 744 1267 823 traditio,

231 867 328 951 ipsius
357 867 535 952 opiniones,
566 872 633 929 tum
666 865 864 951 psychologic
887 864 1043 949 postulare
1067 863 1268 942 videbantur,

233 995 268 1052 ut
291 988 504 1052 cmotota‘ooem
529 986 607 1050 illud
631 1008 696 1051 esse
720 992 885 1051 statueret:
910 986 1014 1069 itaque
1037 985 1168 1070 putabat
1180 986 1268 1050 Tibe·

234 1109 314 1173 rium
331 1116 442 1172 natura
457 1130 587 1185 saevom,
611 1130 663 1183 ea,
684 1129 763 1191 quae
787 1107 887 1192 specie
910 1106 1040 1170 honesta
1062 1106 1149 1184 fecit,
1175 1107 1267 1169 simu-

232 1227 359 1304 lavisse,
400 1249 461 1312 qno
494 1227 604 1291 melius
635 1227 792 1311 proposita
823 1233 1049 1309 exsequeretur.
1098 1224 1153 1288 His
1186 1225 1268 1288 vitiis

232 1350 379 1414 simulatio
408 1357 436 1413 et
462 1350 602 1427 sacratio,
617 1349 641 1431 1)
673 1348 725 1411 ille
756 1349 800 1411 ita
831 1370 905 1411 usus
937 1356 982 1411 est
1018 1353 1052 1409 ut
1082 1355 1178 1410 totam
1207 1347 1268 1410 fare

235 1492 384 1535 annorum
415 1471 539 1534 illorum
569 1470 728 1534 historiam
757 1469 854 1532 exiis
879 1468 1087 1553 suspenderit3
1112 1489 1146 1531 ac
1169 1467 1207 1531 de
1232 1467 1269 1530 iis

235 1591 335 1675 operis
361 1590 522 1675 partibus,
547 1590 579 1654 in
604 1589 719 1673 quibus
741 1589 794 1654 illa
818 1589 930 1673 primas
954 1596 1050 1673 agunt
1073 1588 1132 1670 (uti
1155 1587 1193 1651 de
1209 1609 1271 1651 crn-

234 1709 326 1773 uibus
356 1730 434 1793 quae
467 1709 683 1773 Germanicum
715 1715 867 1793 tangunt,
893 1730 982 1792 quem
1008 1707 1096 1791 quasi
1119 1706 1272 1792 perfectis·

236 1829 347 1892 simum
370 1827 493 1892 heroem
510 1827 599 1893 alteri
615 1829 793 1914 opposuit),
817 1827 968 1912 imprimis
986 1826 1088 1890 valent
1103 1825 1272 1891 Niebiihrii

237 1948 327 2013 verba
357 1948 388 2012 in
422 1948 504 2012 Mus.
538 1947 636 2011 Rhen.
669 1947 704 2010 ΙΙ
734 1951 821 2011 292:
853 1947 938 2025 „Um
970 1969 1003 2010 sc
1027 1947 1157 2011 helleres
1179 1946 1272 2011 Licht

237 2067 352 2150 „sucht
374 2091 407 2131 er
431 2068 485 2131 auf
506 2067 555 2130 die
579 2066 805 2152 ausgevv‘aihlten
830 2065 975 2131 Parthien
1000 2090 1036 2130 au
1060 2068 1187 2131 werten:
1212 2066 1274 2130 die·
1371 2155 1374 2159 ,

235 2211 306 2267 „ser
336 2188 425 2252 Theil
454 2187 508 2252 der
540 2187 681 2252 Annalen
712 2187 826 2271 gleicht
850 2186 904 2250 der
927 2185 1139 2252 Peterskirche
1162 2187 1194 2251 in
1219 2188 1274 2254 der

238 2306 476 2390 „Erleuchtung
506 2307 560 2370 des
591 2306 745 2384 Kreunes,
778 2329 823 2368 wo
855 2307 905 2369 die
937 2307 1065 2371 meisten
1088 2307 1195 2371 Theile
1220 2309 1273 2372 des

239 2426 425 2504 „Gebtiudes
453 2427 483 2489 in
514 2425 706 2489 Dunkelheit
730 2426 793 2508 und
818 2425 998 2490 unsichtbar
1020 2425 1138 2509 liegcn,
1163 2427 1273 2491 andere

236 2545 355 2625 „durch
393 2546 442 2610 die
482 2546 705 2629 abgegrtinnten
743 2545 888 2609 Schatten
929 2568 981 2608 um
1005 2568 1045 2633 so
1077 2546 1195 2610 starker
1224 2569 1291 2630 geu

234 2666 395 2743 „seichnet
418 2665 519 2729 sind.”
532 2669 557 2749 Ιὶ)

279 2785 396 2871 Negari
418 2787 527 2870 nequit
550 2786 622 2849 huic
643 2786 755 2849 rationi
779 2785 920 2850 eximiam
945 2786 1049 2851 deberi
1071 2787 1170 2872 operis
1187 2811 1271 2872 prae·

235 2908 396 2983 stantiam,
422 2914 454 2970 at
477 2906 569 2970 simul
593 2906 751 2970 latendum
773 2915 818 2971 est
839 2907 883 2985 ei,
906 2907 959 2990 qui
979 2907 1034 2970 illo
1051 2909 1141 2971 modo
1158 2909 1272 2974 unitati

235 3027 335 3110 operis
359 3033 451 3108 atque
476 3024 655 3109 perfectioni
680 3023 850 3102 studuerit,
875 3025 930 3088 uhi
953 3025 1054 3089 fontes
1078 3025 1272 3106 defecerunt,

234 3145 313 3208 viam
338 3143 504 3229 proclivem
527 3144 621 3209 fuisse
646 3144 684 3208 ad
708 3167 822 3209 errores
847 3153 877 3209 et
901 3146 1174 3230 exaggerationem.
1188 3149 1214 3231 3)

288 3265 361 3328 Mox
394 3266 425 3330 in
458 3266 590 3350 singulis
619 3274 880 3350 perscrutaturus
913 3265 987 3350 quid
1020 3267 1050 3329 in
1080 3266 1138 3329 hoc
1165 3290 1276 3351 genere

234 3386 421 3468 peccaverit,
463 3387 608 3449 iamnunc
630 3385 859 3450 conclusionem
884 3385 1002 3470 operis,
1027 3386 1058 3448 in
1083 3408 1145 3470 qua
1167 3389 1272 3472 paucis

236 3505 334 3570 verbis
366 3505 482 3570 Tiberii
513 3507 676 3591 imaginem
709 3506 799 3571 nohis
823 3507 861 3570 ob
886 3507 991 3571 oculos
1016 3509 1138 3592 posuit,
1163 3508 1277 3573 adseri·

235 3623 319 3702 bam,
351 3632 386 3687 ut
411 3634 556 3709 appareat
583 3646 676 3709 quam
700 3648 761 3689 non
786 3626 966 3690 meticulose
989 3626 1113 3691 Tacitus
1138 3629 1273 3712 proposi·

269 3863 491 3926 1)1v71.172.
511 3867 546 3915 ΙΙΙ
566 3867 605 3916 22.
626 3867 659 3914 lV
679 3866 717 3919 57.
736 3868 772 3915 VI
790 3868 835 3926 20,
854 3868 885 3917 24
903 3872 949 3918 etc.

269 3961 293 4022 2)
312 3961 416 4011 Eandem
443 3963 473 4011 oh
497 3979 592 4012 causam
614 3963 727 4013 Rucinius
746 3965 772 4012 in
790 3965 818 4013 2⁰
836 3964 900 4015 Prol.
919 3965 1050 4015 Britannici
1069 3983 1123 4016 euru
1141 3965 1270 4031 appellavit

235 4058 273 4118 „le
290 4060 344 4123 plus
362 4060 436 4123 grand
453 4061 547 4125 peintre
565 4061 594 4110 dc
611 4061 774 4126 l'antiqrrit6.''

268 4155 292 4216 3)
310 4155 401 4204 ldcirco
419 4156 466 4205 iarn
484 4155 631 4206 Niehiihrius
648 4156 691 4206 ll.:
711 4158 758 4215 ,im
777 4158 941 4222 Allgemeiuen
959 4176 1006 4208 was
1020 4161 1065 4209 ruit
1078 4160 1178 4224 einigem
1193 4161 1270 4213 Recht

236 4268 281 4313 „un
300 4252 349 4301 ihm
367 4255 454 4317 gariigt
471 4253 567 4303 worden
585 4254 644 4303 trifft
663 4254 727 4304 diesc
744 4254 864 4307 Biichar.’'
