3008 4920
729 438 768 498 ol

234 643 346 719 fuisse,
379 640 572 725 eundemque
601 640 714 706 idcirco
750 641 853 706 Seiani
884 643 1057 721 aemulum,
1089 644 1267 728 praesertim

233 762 382 846 quamdiu
413 762 462 826 hic
484 762 598 826 Romae
622 762 751 847 degebat
759 789 768 841 3
796 751 876 827 hanc
897 785 968 828 vero
995 764 1034 829 ob
1059 786 1180 830 causam
1205 764 1268 829 Sei-

231 902 308 944 anus
332 880 459 944 insidias
483 881 597 945 struxit
620 881 724 945 Attico
750 904 882 967 eumque
907 883 1060 967 oppressit
1083 905 1140 969 ope
1157 883 1183 948 I.
1202 883 1267 948 Ma·

231 998 309 1076 rini3
334 1021 406 1082 ergo
430 998 585 1076 Marinus,
610 1000 724 1084 quippe
746 1000 908 1066 insidiator
933 1002 1021 1066 amici
1045 1001 1178 1081 Tiberii,
1204 1025 1267 1066 non

232 1121 339 1196 dutus,
365 1140 470 1188 verum
496 1120 601 1181 Seiaar'
625 1126 689 1183 erat
713 1120 813 1184 socius
837 1127 868 1184 et
891 1121 1048 1198 minister,
1073 1144 1128 1187 nec
1154 1122 1263 1187 mirum

233 1259 316 1314 cum,
349 1245 505 1321 comperto
536 1237 662 1315 scelere,
696 1260 809 1322 poenas
842 1238 962 1303 dedisse
985 1239 1117 1305 Tiberio.
1154 1240 1267 1305 Vescu-

233 1357 302 1421 larii
327 1366 430 1422 autem
453 1380 576 1422 causam
601 1365 655 1422 aut
678 1359 806 1423 eandem
830 1367 884 1424 aut
907 1361 1037 1451 similem
1059 1361 1155 1425 fuisse
1171 1362 1268 1446 suspi-

234 1501 285 1544 cor
292 1506 301 1556 3
335 1481 462 1559 etenim,
495 1481 579 1564 quod
609 1482 820 1545 internuntius
844 1483 944 1547 fuerat
967 1484 1000 1548 in
1024 1469 1115 1547 causa
1138 1483 1266 1549 Libonis

234 1599 269 1662 ll
294 1604 347 1678 27,
372 1601 403 1664 id
429 1601 455 1664 ei
481 1607 550 1685 post
574 1600 653 1664 XVI
676 1624 771 1666 annos
792 1603 884 1666 exitio
900 1603 1010 1682 fuisse,
1027 1604 1125 1667 varias
1142 1603 1181 1668 ob
1197 1626 1268 1668 cau·

234 1741 281 1782 sas
308 1742 371 1784 non
395 1720 559 1785 verisimile
583 1728 638 1785 est.
674 1720 829 1801 Primum,
855 1723 937 1807 quod
960 1723 1019 1807 ipsi
1035 1722 1164 1788 Libonis
1180 1747 1268 1789 accu-

233 1846 348 1903 satores
364 1839 504 1924 impunes
523 1847 700 1903 manserunt
716 1847 762 1919 et,
782 1842 809 1904 si
825 1841 965 1907 Tacitum
983 1844 1071 1907 audis
1087 1843 1134 1907 IV
1147 1847 1199 1921 31,
1219 1845 1266 1909 rel

233 1957 368 2041 praemio
402 1957 502 2021 ornati
525 1964 598 2021 sunt
622 1980 639 2020 a
661 1957 801 2037 Tiberim
826 1967 909 2038 tum,
935 1962 1017 2045 quod
1042 1961 1153 2026 deinde
1176 1964 1266 2028 etiam

236 2075 350 2140 multos
375 2098 471 2140 annos
493 2076 575 2160 apud
599 2074 731 2161 Capreas
748 2078 927 2141 indiuiduas
942 2079 1021 2156 fuis;
1039 2080 1177 2158 tandem,
1195 2082 1268 2166 quia

235 2199 300 2261 eius
334 2206 435 2283 partes
465 2199 497 2262 in
527 2200 587 2263 ista
619 2221 712 2262 causa
734 2222 830 2284 paene
854 2199 970 2263 nullius
995 2202 1139 2265 momenti
1163 2210 1194 2265 et
1216 2223 1268 2266 reo

235 2337 361 2402 prorsus
385 2317 563 2382 innocentes
582 2319 717 2382 fuerunt.
752 2317 888 2395 Idcirco,
914 2340 969 2382 cur
993 2318 1189 2383 Vescularius
1213 2343 1268 2404 pu·

235 2436 320 2500 nitus
355 2436 413 2512 sit,
449 2436 526 2499 latet
533 2463 543 2515 3
580 2445 687 2500 contra
716 2437 754 2500 de
786 2436 908 2500 Marino
938 2444 1075 2515 constat,
1107 2458 1176 2500 eum
1206 2459 1269 2501 non

236 2552 375 2618 Caesaris
399 2554 451 2617 sed
475 2554 577 2619 Seiani
600 2556 774 2620 ministrum
799 2578 833 2620 ac
856 2555 1018 2626 satellitem
1038 2556 1153 2646 fuisse,
1171 2579 1269 2622 unum

236 2697 273 2738 ex
305 2674 367 2738 illis
392 2696 468 2758 quos
492 2675 543 2739 hic
567 2675 738 2760 delegerat,
770 2682 806 2739 ut
832 2675 993 2739 fidissimos
1015 2675 1132 2741 Tiberii
1154 2677 1267 2741 amicos

236 2794 320 2858 falsis
352 2795 533 2859 criminibus
564 2795 795 2860 circumveniret
825 2803 918 2880 etque
942 2794 980 2859 ab
1011 2795 1075 2859 eius
1106 2794 1199 2860 latere
1222 2819 1266 2861 re·

236 2925 379 2978 moveret.

281 3033 423 3118 Denique
447 3033 492 3097 VI
508 3037 549 3097 30
577 3056 674 3118 poena
697 3034 797 3099 affecti
820 3034 967 3099 dicuntur
988 3034 1135 3099 Servilius
1158 3033 1270 3100 Corne·

236 3152 359 3236 liusque
393 3152 502 3216 famosi
532 3152 687 3229 Macronis
717 3154 868 3232 ministri,
900 3156 971 3238 quia
994 3156 1161 3235 pecuniane
1183 3158 1269 3220 cmit-

238 3273 345 3334 teudae
376 3271 541 3333 delationis
572 3280 768 3353 acceperant:
792 3272 826 3335 hi
849 3272 946 3356 igitur
968 3272 1047 3336 nihil
1071 3272 1109 3336 sd
1132 3295 1197 3337 rem
1221 3296 1273 3338 no·

241 3397 345 3454 stram.
393 3389 432 3453 In
463 3388 569 3454 eodem
602 3412 672 3454 vcro
701 3392 800 3476 capite
828 3392 968 3476 sequitur
1001 3391 1109 3456 hocce:
1136 3395 1273 3458 Abudius

240 3510 343 3586 Ruso,
360 3509 497 3592 functus
528 3510 707 3587 aedilitate,
736 3513 805 3573 dum
842 3513 974 3575 Baetulo
1012 3513 1192 3586 (daedaliae,¹
1216 3515 1269 3577 sud

240 3651 297 3713 qua
322 3629 435 3712 lepioui
456 3630 652 3715 praefuerat,
670 3631 839 3713 periculum
854 3632 1008 3714 facessit,
1030 3631 1150 3714 quadis
1166 3631 1271 3694 Seiani

234 3748 340 3832 fitium
369 3770 509 3830 penarum
541 3749 738 3823 destinasset,
774 3750 855 3812 ultra
890 3750 1052 3812 damnatur
1079 3756 1169 3833 atqua
1199 3752 1270 3814 urbe

241 3867 390 3947 euipa'tur:
413 3864 566 3930 Lentulus
590 3887 644 3950 per
665 3865 787 3944 literas,
811 3872 848 3930 ut
870 3867 951 3930 fama
973 3876 1053 3944 erat,
1080 3867 1153 3930 satis
1177 3867 1271 3932 libere

241 3983 428 4068 conscriptas
461 3984 544 4070 apud
568 3984 727 4049 Gaesarem
752 4008 783 4050 se
806 3986 949 4071 purgavit
973 3986 1019 4048 uti
1042 4008 1141 4070 nuper
1162 3985 1272 4051 Teren·

239 4102 310 4167 tius.
350 4101 521 4183 Rusonem,
546 4104 671 4169 aliunde
694 4105 851 4190 ignotum,
879 4105 936 4168 hac
959 4105 1152 4169 accusatione
1170 4113 1269 4170 vetere

240 4242 275 4283 ac
306 4222 424 4306 privato
452 4222 538 4301 odio,
563 4245 599 4287 ex
627 4246 688 4308 quo
711 4231 847 4310 tempora
870 4224 927 4289 sub
951 4223 1005 4288 illo
1029 4223 1198 4303 militabat,
1223 4225 1267 4289 in·
1345 4233 1352 4245 ’
