3008 4920
726 442 766 506 89

230 650 326 721 mani,
352 650 431 733 quad
445 649 534 732 fictis
557 649 728 714 maiestatis
751 652 925 714 criminibus
949 651 1089 733 Mapium
1113 650 1264 715 Caecilia·

230 789 301 829 num
332 775 499 846 praetorem
532 768 729 846 petivissent,
760 775 881 832 erectore
906 771 1046 853 principe
1081 793 1117 833 ac
1149 772 1265 834 decreto

233 885 362 946 Senatus
378 886 494 967 puniti.
535 885 698 969 Utrumque
720 887 751 948 in
778 887 896 949 laudem
924 888 1018 950 Drusi
1036 889 1218 951 trahebatur.
1237 889 1262 972 ¹)

232 1003 368 1068 Hoccine
390 1003 458 1067 loco
482 1003 520 1067 dc
543 1003 657 1069 Tiberii
680 1005 828 1068 ministris
850 1027 948 1069 sermo
965 1028 1029 1069 esse
1045 1006 1169 1092 potest?
1192 1006 1265 1070 Non

231 1129 350 1206 potest,
375 1144 472 1205 quum
496 1144 552 1185 suo
568 1122 705 1206 periculo
721 1123 800 1188 hanc
816 1125 1041 1189 accusationem
1058 1125 1264 1202 instituerint,

233 1243 297 1306 sive
319 1243 439 1327 privato
463 1242 535 1306 odio
558 1242 702 1321 adducti,
723 1243 786 1308 sive
801 1245 932 1328 gratiam
949 1246 1157 1330 potentiorum
1172 1245 1266 1309 initu-

231 1383 280 1425 ros
297 1385 329 1427 se
346 1369 502 1446 sperantes
508 1388 517 1440 ;
536 1361 595 1426 hoc
611 1370 714 1427 autem
731 1363 757 1426 si
773 1371 967 1448 spectarunt,
988 1344 1056 1450 spes
1073 1370 1124 1429 eos
1141 1364 1265 1442 fefellit,

232 1481 376 1564 quoniam
413 1481 595 1545 auctoritate
629 1481 766 1548 absentis
800 1481 998 1568 Imperatoris
1033 1507 1132 1570 poena
1165 1483 1266 1548 affecti

232 1606 305 1663 sunt
320 1621 338 1661 a
353 1597 417 1661 filio
441 1599 506 1662 eins
529 1598 649 1676 Druso,
666 1600 717 1663 cui
733 1599 764 1663 id
780 1599 866 1664 laudi
881 1600 1033 1665 tributum
1054 1607 1110 1666 est.
1146 1599 1264 1664 Deinde

232 1716 414 1780 incensum
439 1717 567 1781 veniunt
590 1739 642 1781 sex
665 1717 726 1781 loci
749 1717 805 1782 el.
826 1717 890 1797 VI,
915 1717 1028 1802 quibus
1051 1718 1154 1782 decem
1178 1740 1265 1781 accu-

233 1842 369 1900 satorum
393 1835 571 1921 punitiones
591 1836 799 1901 coutinentur.
845 1836 884 1901 In
907 1837 956 1900 his
981 1859 1007 1901 c.
1033 1840 1052 1900 3
1076 1835 1186 1900 Sextus
1211 1836 1266 1899 Pa·

234 1953 382 2021 o'onianus
414 1958 529 2022 dieitur
559 1958 653 2022 fuisse
680 1957 773 2022 homo
805 1957 1029 2042 perditissimus
1059 1958 1264 2021 detectura

233 2075 364 2138 Seiano
387 2076 475 2138 cuius
497 2086 550 2158 ope
573 2077 661 2138 dctus
687 2078 717 2140 0.
737 2076 863 2139 Caesari
883 2081 1052 2154 pararetur.
1089 2073 1123 2153 Ο.Ι
1142 2078 1162 2136 4
1183 2072 1266 2136 Lati·

234 2193 304 2257 nius
326 2192 459 2256 Latiaris
483 2201 684 2270 memoratur,
708 2193 782 2257 item
807 2193 913 2255 Seiani
934 2191 1088 2268 minister,
1113 2191 1160 2254 nti
1176 2212 1266 2275 appa·

231 2316 278 2374 ret
301 2333 316 2373 e
336 2310 382 2386 IV
401 2311 460 2374 68:
489 2312 580 2373 Hunc
608 2311 673 2373 Lat.
698 2311 841 2373 hutiaris
865 2310 979 2395 aliique
1002 2316 1145 2393 practma
1155 2309 1266 2394 functi

232 2430 450 2512 appretiantur
479 2430 620 2512 cupidine
646 2432 836 2506 consulatus,
867 2432 910 2492 art
931 2451 1015 2514 quern
1040 2451 1097 2490 nou
1122 2429 1184 2490 nisi
1201 2449 1267 2511 per

232 2548 401 2610 Seianum
435 2549 559 2611 aditus:
592 2570 704 2632 nequa
728 2549 859 2613 Seiani
885 2549 1061 2617 voluutas
1090 2547 1165 2610 nisi
1196 2567 1265 2608 sce·

234 2667 307 2730 bere
329 2666 578 2750 quaerebatur.
1040 2641 1041 2644 Ἴ

278 2785 425 2870 Sequitur
455 2809 480 2851 c.
506 2789 610 2852 5-7:
644 2793 674 2851 et
703 2786 756 2851 alii
779 2785 940 2851 Senatores
964 2792 995 2850 et
1018 2785 1168 2871 imprimis
1191 2784 1265 2849 an-

200 2907 202 2911 ’
232 2905 363 2969 cilianus
396 2907 433 2978 (s.
458 2905 584 2970 Caesius
609 2905 769 2989 Aelianus)
799 2903 921 2969 Cottam
950 2904 1166 2982 Messalinam,
1192 2905 1264 2968 ami·

232 3047 301 3089 cum
325 3024 455 3102 Tiberii,
481 3025 520 3090 ob
544 3025 732 3089 calumniose
755 3024 837 3088 dicta
852 3024 883 3087 in
900 3023 1016 3088 Senatu
1032 3030 1263 3100 accusaveraot3

232 3143 325 3208 Cotta
351 3152 496 3229 provocat
523 3145 562 3208 ad
582 3143 805 3229 imperatorem.
854 3143 914 3207 Hic
938 3166 993 3228 per
1013 3143 1118 3207 literas
1141 3142 1264 3207 Oottam

230 3265 383 3351 defendit,
407 3272 453 3342 ct,
476 3287 514 3328 ue
537 3266 624 3328 uerba
645 3287 739 3343 pruoe
763 3271 898 3327 contorta
924 3286 981 3327 neu
996 3263 1265 3349 conuiuabiumfu·

161 3392 163 3395 '
232 3384 368 3446 butarum
400 3383 583 3466 simplicitas
614 3385 645 3445 iu
677 3385 788 3446 crimene
820 3384 991 3456 duceretur,
1016 3383 1208 3465 postulauit,·
1232 3382 1266 3445 in

202 3529 207 3536 ·
233 3501 293 3565 fine
326 3507 428 3565 autem
460 3499 606 3586 epistolae
625 3500 762 3564 ‘senatui
792 3506 974 3585 potestatem
1005 3499 1078 3563 fecit
1111 3498 1267 3563 statuendi

234 3618 272 3684 de
305 3618 480 3684 Caeciliano
512 3620 657 3704 primario
689 3629 878 3698 accusatore,
905 3620 938 3684 in
962 3641 1052 3704 quem
1077 3619 1194 3703 placuit
1216 3639 1267 3702 pa·
1388 3663 1389 3668 η

234 3738 333 3803 tribus
357 3740 477 3801 candem
496 3761 624 3822 poenam
647 3740 779 3820 irrepari
800 3761 888 3822 quarn
911 3739 942 3799 in
969 3739 1127 3800 Aruseium
1144 3744 1173 3798 et
1190 3735 1267 3797 Sun-

234 3858 371 3942 quinium
395 3865 584 3922 accusatores
607 3859 644 3921 h.
662 3859 814 3921 Arruntii.
849 3856 960 3939 Itaque
977 3855 1033 3919 heo
1048 3854 1081 3918 in
1097 3876 1189 3919 causa
1203 3875 1265 3917 non
1301 3940 1303 3944 ,

234 3974 382 4059 principis
414 3975 552 4041 minister
583 3975 637 4039 sed
668 3974 858 4040 adversarius
889 3975 948 4042 fuit
973 3971 1182 4053 Caecilianum
1206 3970 1266 4036 aliu

268 4231 293 4297 1)
310 4231 347 4281 De
365 4231 389 4283 h.
406 4231 423 4281 l.
441 4230 487 4282 vii.
504 4246 576 4298 snpra
593 4245 616 4301 p.
635 4230 667 4280 82
684 4245 720 4302 aq.
