3008 4920
763 431 805 490 bt

267 643 329 701 tem
360 658 397 700 ex
427 635 465 698 iis
497 633 678 718 pependisse
708 633 853 698 crederes.
893 631 930 696 Ε.
953 655 983 716 g.
1012 632 1122 696 seditio
1146 631 1300 714 legionum

234 739 237 744 ⁴
267 755 300 819 in
324 754 443 832 Gallia,
467 754 591 839 incepta
614 758 645 816 et
660 774 804 836 oppressa
819 750 900 815 intra
916 750 994 813 duos
1010 757 1109 813 tresve
1124 770 1259 824 meuses,
1273 747 1300 831 ¹)

268 879 299 936 et
325 895 343 935 a
369 871 470 936 Dione
501 871 607 935 Cassio
638 870 737 934 tribus
762 868 914 952 capitibus
938 875 1077 931 enarrata
1100 868 1164 950 (57,
1190 868 1301 949 4-6),

268 989 349 1075 apud
380 990 468 1054 illum
504 1009 614 1052 nnxvn
647 989 747 1073 capita
783 989 928 1064 16-53,
956 987 977 1050 i.
1005 1008 1031 1050 e.
1056 984 1213 1063 dimidiam
1240 985 1302 1049 fere

270 1113 387 1190 partem
414 1107 526 1191 'prioris
556 1105 641 1181 libri,
671 1104 796 1188 implet,
819 1106 864 1168 ite
887 1112 923 1168 ut
944 1111 1010 1167 tota
1033 1127 1081 1168 res
1104 1104 1143 1168 ad
1166 1125 1301 1187 unguem

202 1304 208 1316 ο
268 1233 500 1310 cognoscatur*
524 1225 672 1289 Similiter
695 1224 765 1289 libri
785 1224 820 1288 II
843 1225 940 1288 maior
964 1246 1033 1308 pars
1052 1224 1085 1287 in
1108 1223 1200 1287 rebus
1218 1222 1303 1288 belli·

269 1345 331 1421 cis,
355 1345 529 1409 Germanici
553 1344 730 1428 praesertim
755 1342 1015 1427 expeditionibus,
1041 1341 1218 1405 enarrandis
1240 1363 1302 1405 ver·

268 1470 354 1527 satur
380 1485 405 1527 ο.
442 1466 559 1540 1-27,
593 1465 742 1539 cr-ce,
763 1436 930 1538 'ac-ea,
960 1463 1091 1524 ea-ca
1117 1469 1147 1524 et
1170 1460 1300 1546 passim,

269 1604 348 1664 quae
371 1583 473 1646 omnia
497 1591 551 1645 eut
570 1583 691 1658 omisit,
712 1596 766 1644 aut
781 1581 813 1644 in
830 1580 962 1644 transitu
977 1580 1222 1644 commemoravit
1245 1578 1302 1642 Dio

269 1701 405 1766 Cassius.
441 1700 479 1764 In
503 1702 524 1764 l.
549 1699 602 1764 III
625 1707 656 1764 et
678 1699 726 1762 IV
750 1722 848 1784 pauca
870 1699 1003 1784 proelia3
1023 1707 1055 1763 et
1074 1699 1105 1762 in
1129 1699 1150 1762 l.
1175 1698 1222 1762 VI
1241 1720 1304 1762 mo·

269 1827 320 1884 tus
350 1819 493 1897 orientis,
526 1841 603 1903 quos
630 1818 692 1882 Dio
715 1818 929 1902 complectitur
952 1840 1014 1884 uno
1038 1817 1138 1903 capite
1163 1820 1219 1894 58,
1244 1820 1302 1894 26,

269 1936 461 2021 explicantur
485 1936 692 2020 copiosissime
716 1938 846 2000 31-37
872 1945 902 1999 et
925 1938 1067 1999 zia-45.

315 2056 453 2120 Multum
486 2056 589 2135 abest,
617 2063 651 2119 ut
675 2054 732 2119 boc
765 2055 921 2132 studium,
953 2055 1033 2118 hanc
1066 2076 1169 2119 curam
1204 2053 1302 2117 Taciti

219 2161 221 2165 ¹
269 2173 300 2237 in
335 2173 427 2237 rebus
462 2181 634 2237 exterarum
669 2173 810 2257 gentium
844 2171 1080 2256 persequendis,
1116 2195 1178 2235 non
1215 2171 1302 2235 laudi

271 2291 299 2354 ei
330 2290 457 2368 ducam,
487 2291 600 2375 quippe
631 2291 682 2353 cui
705 2290 809 2353 studio
832 2291 1025 2374 gravissimas
1049 2312 1153 2354 earum
1178 2290 1303 2353 notitias

269 2431 303 2473 ac
327 2416 448 2493 praeter
471 2408 594 2472 annales
619 2408 839 2492 pulcerrimum
867 2408 1051 2492 opusculum
1075 2407 1240 2472 debeamus
1264 2408 1302 2471 de
1375 2420 1381 2424 '

269 2527 393 2612 populis
425 2526 615 2590 Germaniae.
663 2527 759 2609 Atqui
790 2525 875 2589 aliud
908 2519 965 2604 est,
1000 2527 1084 2609 quod
1111 2549 1173 2591 non
1196 2527 1302 2592 laudo.

268 2646 432 2734 vituperat
467 2668 576 2730 nempe
612 2646 787 2722 Tiberium,
806 2645 906 2731 -quod
942 2646 1145 2736 seditionibus
1180 2646 1242 2710 illis
1269 2669 1303 2710 ac

269 2766 405 2831 motibus
428 2803 473 2814 -
496 2765 609 2850 quibus
645 2774 746 2829 tamen
777 2766 861 2848 ipse,
885 2773 922 2830 ut
943 2764 1095 2842 vidimus,
1120 2786 1226 2849 pacem
1253 2765 1303 2828 vix

271 2887 444 2950 lacessitam
469 2907 533 2949 esse
557 2885 654 2948 fassus
678 2890 724 2947 est
739 2921 784 2933 —
799 2906 862 2948 non
886 2890 1007 2948 tantum
1027 2883 1171 2968 ponderis
1193 2884 1303 2948 tribuit

270 3026 327 3070 nec
356 3014 517 3088 tantopere
548 3005 586 3069 iis
617 3004 797 3089 perterritus
821 3010 881 3082 est,
906 3009 1056 3086 quantum
1079 3002 1198 3066 creduli
1222 3003 1305 3087 pavi·

197 3140 199 3143 ’
269 3124 362 3209 dique
384 3123 508 3188 ¹Romae
540 3123 677 3201 incolae3
710 3130 804 3206 atque
834 3121 913 3186 hanc
944 3121 1136 3206 imperatoris
1159 3122 1301 3187 securita-

269 3252 346 3323 tem,
378 3245 556 3309 dubitanter
593 3244 717 3329 quidem
753 3251 789 3309 ut
820 3243 932 3308 assolet
962 3251 993 3307 et
1025 3266 1079 3328 per
1109 3243 1301 3327 rogationes,

269 3369 404 3426 attamen
432 3362 506 3425 satis
533 3361 714 3438 manifesto,
739 3360 840 3446 pravis
864 3361 1038 3446 vilibusque
1062 3362 1161 3425 causis
1185 3368 1301 3446 partam

269 3501 334 3542 esse
357 3479 518 3564 significat.
555 3478 708 3544 Proferam
733 3478 886 3562 exempla:
914 3478 1041 3542 11144:
1065 3477 1158 3542 Tacta
1180 3477 1303 3541 defecti·

269 3619 327 3661 one
350 3597 541 3680 quarundam
566 3596 685 3661 Galliae
707 3596 867 3661 civitatum
899 3597 1013 3658 Ιίοηιασ
1037 3603 1158 3668 caneto,
1184 3603 1218 3657 ct
1242 3616 1303 3656 mos

266 3717 386 3794 famae,
410 3719 443 3777 tn
466 3718 565 3778 maius
592 3719 728 3780 credita:
753 3715 912 3799 increpant
935 3713 1108 3791 Tiberium,
1132 3713 1217 3799 quod
1240 3735 1303 3778 non

302 4007 327 4069 1)
345 4006 439 4072 Incepit
456 4008 521 4058 enim
539 4009 617 4058 medio
634 4024 715 4058 mense
732 4011 843 4074 Augusto
860 4027 882 4061 a.
896 4012 941 4070 14,
956 4015 998 4070 et,
1017 4016 1144 4078 onteqm
1160 4013 1186 4062 in
1204 4013 1304 4063 hiberus

268 4104 438 4162 tetenderunt,
456 4104 532 4155 sedati
549 4106 675 4171 legionarii
694 4105 754 4156 duce
772 4107 913 4157 Germanico
930 4107 1089 4173 irruptionem
1106 4109 1131 4159 iu
1149 4109 1302 4160 (tesmonium

269 4199 378 4251 lecerunt
396 4201 408 4248 I
427 4202 467 4250 tc.
