3008 4920
704 438 746 498 56

209 641 356 704 momenti
379 641 531 706 tractabat
539 668 548 719 ;
573 648 605 706 at
614 643 702 727 fecit
718 666 767 721 ea,
785 666 862 728 quae
878 666 926 710 res
943 667 1066 730 poscere
1083 643 1245 708 videbatur

209 759 386 843 quibusque
417 767 519 823 motus
547 760 631 824 brevi
654 763 823 827 exstinctus
849 771 904 828 cst.
951 763 1088 827 Tertium
1112 761 1245 826 occurrit

209 878 311 942 eadem
338 877 560 943 animadversio
583 879 630 943 IV
656 883 715 946 74:
743 882 866 945 Clarum
889 883 959 945 irate
980 883 1060 946 inter
1080 888 1245 946 Germanos

210 997 310 1058 Frisii
332 1019 435 1060 nomen
460 998 525 1081 (qui
550 997 700 1063 tributum
724 1007 889 1085 negantes,
913 1023 930 1063 a
954 1007 1150 1085 propraetore
1168 999 1243 1062 Ger·

209 1114 327 1178 maniae
343 1108 497 1199 profligati
518 1137 580 1179 non
597 1123 699 1180 tamen
716 1116 835 1182 subacti
851 1118 959 1200 erant),
977 1117 1246 1182 rtiaainutanta

215 1237 364 1299 Picaria
387 1239 515 1299 damna
540 1259 583 1300 ae
605 1239 667 1300 cai
689 1239 820 1301 bellum
841 1239 1090 1321 permitteret.
1117 1236 1247 1301 Verum·

213 1361 315 1418 tamen
332 1376 394 1419 non
410 1354 617 1419 dissimulavit
632 1356 757 1434 damna,
772 1356 823 1420 sed
837 1364 944 1442 utpote
956 1356 1123 1433 levissima,
1137 1378 1246 1440 nempe

211 1482 356 1557 uagatum
380 1473 552 1552 tributum,
578 1496 613 1537 ea
635 1474 734 1538 levius
750 1474 840 1552 tulit,
861 1475 935 1558 quia
957 1497 1020 1538 non
1043 1475 1104 1538 uisi
1128 1474 1247 1538 maiori·

213 1590 271 1654 bus
295 1592 414 1656 damnis
439 1595 576 1657 resarciri
596 1617 686 1679 posse
701 1594 863 1659 intellexit.
903 1593 970 1657 Nec
994 1615 1097 1657 verum
1115 1600 1161 1657 est
1176 1616 1246 1657 eum

211 1711 326 1775 bellum
359 1711 426 1775 aliis
458 1713 634 1796 permittere
665 1712 817 1790 noluisse,
843 1710 912 1789 sed,
938 1735 1035 1796 quum
1060 1720 1105 1775 ter
1131 1712 1244 1776 bellum

212 1831 399 1916 permisisset
423 1855 521 1917 nuper
545 1832 744 1910 Germanico,
770 1831 858 1896 nullo
879 1838 991 1896 eventu
1010 1831 1070 1895 nisi
1086 1839 1122 1895 ut
1138 1832 1246 1915 ingens

212 1950 257 2013 vis
292 1951 457 2033 pecuniae,
488 1973 656 2034 equorum,
681 1950 823 2027 navium,
848 1950 983 2014 militum
1007 1951 1129 2034 perierit
1154 1950 1246 2032 (cll

214 2072 272 2146 70,
304 2071 374 2153 71),
407 2092 484 2154 quae
508 2069 620 2134 damna
647 2069 869 2154 suppleverunt
896 2067 1032 2145 Galliae,
1062 2068 1246 2153 Hispaniae,

212 2187 303 2252 Italia
335 2187 382 2271 (II
413 2193 454 2252 23
487 2190 594 2273 sqq.).,
626 2188 735 2251 merito
760 2210 777 2250 a
800 2185 943 2250 bellando
975 2192 1040 2248 erat
1072 2184 1245 2249 deterritus.

213 2308 324 2394 Itaque
348 2311 483 2393 Augusti
507 2309 629 2374 consilii
653 2310 762 2394 suique
785 2315 894 2384 tenax,
918 2307 1026 2371 tutatis
1049 2306 1162 2370 finibus
1187 2307 1247 2369 luit

213 2434 393 2505 contentus,
426 2429 480 2513 qui
512 2429 549 2492 ab
582 2429 641 2494 hoc
670 2429 742 2492 iude
774 2435 928 2512 tempore,
954 2448 981 2489 a.
1008 2429 1067 2502 28,
1094 2425 1246 2489 adfinem

215 2547 281 2611 eius
304 2536 391 2631 regui
415 2569 431 2610 a
456 2547 616 2611 Germanis
640 2569 702 2611 uon
727 2546 858 2631 amplius
882 2544 1019 2609 infestati
1042 2552 1125 2608 suut.

259 2667 380 2730 Horum
409 2667 505 2751 igitur
536 2666 672 2730 omnium
706 2689 784 2751 quae
808 2665 968 2730 attulimus
993 2664 1149 2728 conclusio
1173 2664 1247 2729 haec

215 2794 278 2865 est,
302 2778 482 2852 bellicosum
505 2787 683 2871 scriptorem
708 2787 876 2872 principem
900 2784 1060 2870 pacificum
1085 2785 1247 2849 immeritis

214 2908 501 2992 reprehensionibus
524 2908 678 2993 petivisse.

601 3162 699 3209 annm
722 3163 858 3209 uranon.

260 3363 328 3427 Lib.
346 3363 402 3427 IV.
428 3362 502 3448 Cap.
522 3366 574 3427 20.
611 3364 743 3426 Miratur
766 3362 889 3425 Tacitus
911 3361 955 3424 Μ.
973 3360 1138 3445 Lepidum,
1158 3382 1248 3444 quem

216 3483 398 3564 taraparibua
426 3483 496 3545 illia
522 3505 644 3564 procem
674 3490 703 3542 rt
734 3483 898 3567 sapientem
928 3483 1024 3543 viram
1044 3482 1149 3562 fuisse
1171 3501 1250 3542 com·

216 3600 309 3683 perit,
343 3599 380 3664 ad
408 3608 535 3663 mortem
563 3622 660 3683 usque
693 3600 851 3684 aequabili
883 3600 1067 3662 auctoritate
1091 3606 1120 3661 et
1145 3599 1249 3681 pratia

217 3720 301 3800 aprrd
335 3719 484 3780 liberium
515 3719 666 3800 uiprrirse,·
699 3718 863 3801 additque:
888 3719 967 3780 uada
989 3719 1128 3780 dubitare
1150 3739 1251 3799 caper,

214 3838 284 3917 fato
305 3845 334 3899 et
353 3845 432 3900 rorte
455 3838 610 3909 nascendi,
635 3846 668 3901 ct
691 3846 803 3912 celera,
829 3839 874 3898 ita
893 3838 1067 3921 principum
1088 3837 1250 3900 inclinatio

217 3958 250 4019 in
281 3957 346 4030 hoa,
370 3959 497 4044 offensio
524 3959 556 4020 in
581 3958 668 4032 illos,
692 3981 732 4020 an
755 3960 797 4020 rit
821 3957 944 4040 aliqaid
964 3957 996 4018 ia
1021 3958 1132 4019 nastris
1155 3957 1252 4018 conai-

219 4077 289 4150 liis,
323 4077 472 4161 liceatque
503 4079 583 4140 inter
617 4080 775 4162 abruptam
809 4079 1024 4142 caretramaciam
1059 4085 1089 4140 et
1117 4080 1251 4156 deforme

218 4197 388 4280 obsequium
420 4221 546 4281 perpera
583 4200 642 4263 iter
675 4200 836 4261 ambitione
870 4206 900 4261 at
931 4198 1080 4281 periculis
1113 4220 1248 4260 uacuum.
