3008 4920
730 418 771 478 66

233 647 324 708 quam
357 625 571 709 progreditur,
596 625 708 688 ultima
730 624 815 687 illius
840 623 993 708 expeditio
1016 625 1048 687 in
1073 624 1268 688 Germaniam

233 745 430 823 describitur,
465 767 557 829 quam
588 747 633 809 ite
667 746 806 829 depingit
837 752 873 808 ut-
904 745 1082 808 historioum
1114 744 1198 826 legas
1229 766 1268 806 111

234 873 372 949 potitam,
399 866 511 930 dubius
535 867 689 929 interdum
715 865 848 928 haereas.
867 865 891 948 1)
930 864 1066 928 Tandem
1083 865 1214 948 scriptor
1229 863 1267 926 ad

234 987 349 1050 exitum
381 995 532 1070 properat.
576 984 612 1048 Ο.
639 986 681 1048 26
714 983 915 1047 Germanicus
946 989 1106 1046 revocatur
1137 981 1227 1045 variis
1242 1002 1269 1043 a

233 1105 355 1170 Tiberio
380 1107 480 1169 causis
504 1104 622 1181 allatis,
651 1127 726 1188 quaa
739 1104 866 1189 fiagri,
889 1124 977 1186 aeque
995 1100 1060 1184 pier
1082 1101 1268 1163 inuidiam

227 1234 319 1307 parto
350 1226 413 1288 iam
445 1226 545 1288 decori
575 1225 713 1286 abstrudi
743 1223 936 1305 intettiperet.
982 1222 1021 1286 A.
1046 1221 1076 1284 d.
1101 1219 1164 1283 VII
1196 1219 1267 1282 Kal.

232 1344 304 1409 Inn.
323 1367 363 1426 a.
392 1349 429 1410 17
462 1344 595 1408 celebret
626 1342 818 1427 triumphum
851 1364 876 1405 1.
902 1345 964 1419 41,
996 1341 1109 1405 laetum
1143 1341 1267 1424 quidem

130 1481 133 1485 ·
233 1461 368 1538 civibus,
393 1465 447 1525 red
469 1464 589 1525 suberat
613 1463 729 1525 occulta
743 1463 881 1547 formida
906 1460 1138 1543 reputantibus.
1160 1510 1165 1522 .
1184 1510 1188 1521 .
1206 1461 1268 1522 bre·

233 1604 283 1646 eea
305 1591 334 1645 et
357 1583 511 1668 infaustae
532 1583 568 1644 P.
590 1582 627 1645 u.
651 1587 786 1645 amarae!
819 1580 869 1644 Ita
892 1580 983 1644 etiam
999 1579 1134 1663 populus
1150 1579 1267 1642 instans

232 1702 336 1765 iuveni
368 1701 538 1785 periculum
570 1702 755 1786 praesentire
786 1700 918 1764 videtur.
967 1699 1095 1763 Interim
1126 1698 1268 1763 Tiberius

210 1820 355 1883 amoliri
380 1823 514 1884 iuvenem
538 1822 636 1900 speeie
658 1822 778 1883 denarie
801 1821 929 1894 statuit,
952 1821 1125 1903 struxitque
1147 1841 1268 1893 caueae,

232 1948 287 2003 aut
303 1941 387 2022 farte
405 1942 522 2003 adlatae
541 1942 689 2023 arripuit,
705 1964 730 2004 c.
748 1942 802 2003 42.
827 1940 901 2003 Mox
917 1948 1037 2024 patrum
1056 1940 1177 2003 decreto
1194 1939 1268 2003 Ger-

232 2059 369 2123 manicus
400 2060 535 2123 mittitur
562 2060 595 2123 in
625 2059 783 2123 Orientem
791 2085 800 2136 3
833 2058 953 2124 obtinet
984 2059 1082 2122 maius
1105 2059 1267 2142 imperinm
1315 2076 1329 2104 ·

233 2199 325 2260 quam
350 2179 403 2262 qni
427 2178 520 2261 vulgo
544 2179 593 2242 his
616 2179 780 2262 provinciis
805 2177 1073 2262 praeficiebantur:
1100 2179 1160 2240 Sed
1184 2178 1265 2240 Pide-

232 2298 297 2359 riue
319 2300 526 2360 demoverat
556 2299 644 2380 Syria
681 2299 829 2361 Cretaeam
852 2299 990 2359 Silanum
1012 2320 1066 2377 per
1088 2287 1266 2380 affinitatem

231 2439 392 2498 cannarum
412 2420 590 2479 Germaniae
606 2468 612 2480 .
627 2468 631 2478 .
647 2469 651 2479 .
664 2419 979 2503 praefeceratque
997 2421 1048 2479 Cn.
1063 2417 1204 2479 Pirenam

231 2538 292 2620 qni
316 2559 379 2598 non
403 2537 551 2598 dubium
578 2508 737 2598 habebat
765 2559 802 2599 re
829 2538 1027 2612 detectum,
1050 2538 1114 2621 qui
1138 2538 1266 2619 Syriae

232 2658 484 2738 imponeretur
507 2658 555 2718 ad
576 2677 660 2739 apes
687 2657 899 2719 Germanici
921 2659 1147 2720 coercendae.
1187 2660 1264 2719 Ore·

232 2777 359 2837 didere
377 2776 520 2858 quidam
540 2777 632 2837 data
656 2783 690 2837 et
711 2799 730 2837 1
755 2776 901 2838 Tiberio
922 2776 1070 2837 occulta
1090 2777 1264 2837 mandata

232 2916 258 2957 1.
284 2897 336 2956 46.
373 2892 483 2976 Itaque
507 2892 601 2956 simul
624 2914 694 2956 cum
719 2893 902 2956 Germanico
926 2892 996 2955 Piso
1020 2894 1052 2956 in
1076 2891 1193 2976 Syriam
1218 2915 1267 2956 ve·

232 3013 295 3090 nit,
320 3013 374 3096 qui
397 3013 562 3096 impatiens
586 2994 778 3076 auctoritatis
803 3012 947 3087 alterius,
972 3011 1056 3075 illius
1080 3012 1162 3076 insse
1186 3035 1267 3097 sper-

230 3133 277 3195 nit
313 3132 439 3216 eiusque
474 3131 571 3194 famae
604 3131 687 3215 apud
722 3131 837 3195 incolas
873 3132 1071 3215 legionesque
1098 3130 1265 3209 obtrectat,

231 3272 326 3334 quae,
352 3257 389 3313 ut
411 3250 443 3314 in
468 3249 569 3312 Gallia
591 3272 691 3334 nuper
711 3249 945 3326 Germanicum,
964 3250 1007 3312 ita
1023 3271 1105 3313 nunc
1122 3249 1265 3313 Pisonem

230 3372 348 3454 „patris
367 3370 549 3454 legionum'’
566 3369 658 3433 titulo
675 3378 803 3434 ornant:
825 3372 899 3435 11111
915 3372 1018 3435 omnia
1033 3374 1132 3435 dauri
1145 3374 1266 3435 inuito

232 3491 461 3574 Imperatore
478 3491 554 3573 fleri
577 3492 711 3552 occultae
736 3513 853 3552 rumor
876 3493 1030 3554 incedebat
1056 3514 1081 3555 c.
1101 3493 1153 3554 55.
1189 3491 1265 3555 Mox

231 3611 406 3675 Germanioi
428 3611 460 3674 in
477 3612 619 3696 Aegypto
639 3610 778 3694 degentis
802 3611 922 3674 decreta
938 3611 1010 3674 Piso
1026 3612 1152 3695 abrogat
1168 3611 1216 3674 vel
1231 3611 1264 3674 in

228 3730 415 3793 contrarium
444 3730 545 3793 vertit.
585 3729 682 3793 Illea
713 3729 788 3793 Nilo
816 3730 913 3794 redux
941 3731 1078 3815 increpat
1100 3731 1261 3808 Pisonem,

229 3850 283 3934 qui
314 3850 396 3912 adire
424 3849 512 3932 Syria
541 3850 666 3925 statuit,
697 3852 751 3913 red
770 3873 837 3913 mou
860 3853 987 3913 aduersa
1015 3852 1187 3913 Germanici
1208 3874 1262 3913 aa·

229 3971 363 4034 tetradine
387 3973 537 4047 deteratur,
560 3972 612 4033 udi
634 3979 838 4035 recreatum
862 3975 977 4054 aceepit
999 3973 1260 4056 111111111οὲ1-

261 4211 286 4272 1)
305 4210 343 4259 01.
361 4226 382 4261 1.
400 4227 422 4276 g.
440 4228 460 4261 o.
481 4212 586 4263 lo-lo.
623 4212 737 4263 Merivale
755 4213 785 4272 V,
803 4212 849 4265 171
870 4228 925 4263 ann.
942 4213 979 4263 ed.
998 4214 1056 4262 min.
