3008 4920
733 402 802 476 ar'

232 621 464 705 pb'aaliarzeaqae
493 626 522 684 al
549 621 612 684 alla
642 622 755 684 decom.
802 620 889 683 Salac
919 620 1075 683 Dolabella
1102 619 1266 696 Cornelius,

237 742 305 803 dam
336 740 447 802 aalalra
479 743 586 802 oelaroa
609 744 721 819 paral,
750 739 902 802 abacelam
934 738 965 800 la
986 737 1181 802 adolationem
1198 760 1269 820 pro·

232 879 365 940 pressos,
390 857 500 922 censali
524 865 558 921 al
580 879 669 920 avana
692 879 707 921 a
734 858 895 938 Campania
919 858 1015 921 arbem
1034 857 1177 921 introiret.
1208 857 1268 939 Ιφί-

235 983 285 1040 lar
306 984 452 1042 serulae
478 978 649 1040 Carraria
671 976 823 1067 literae,
840 977 971 1060 qallaa
993 998 1029 1040 aa
1045 999 1110 1040 aaa
1130 983 1198 1039 lana
1214 999 1268 1040 aa·

234 1119 334 1159 raam
353 1095 498 1178 planiae
513 1097 776 1177 praedicabat,
798 1102 852 1172 al,
873 1102 942 1176 pasl
954 1096 1267 1180 fmoalaalmaapealas

227 1186 426 1297 perdomitas,
451 1223 493 1279 lat
515 1222 642 1298 receptos
669 1216 700 1278 in
726 1217 844 1280 iaoeola
875 1222 928 1280 aut
954 1223 1064 1297 spretas
1090 1216 1266 1297 triumphas,

233 1337 304 1399 lam
327 1337 445 1400 senior
461 1337 783 1418 peraprinalioala
802 1337 1030 1400 suburbanae
1045 1338 1267 1418 loraaepraa·
1296 1368 1299 1375 ·

234 1456 337 1519 mium
356 1461 510 1539 pelarel.
552 1455 592 1519 Et
611 1456 658 1519 Vi
678 1463 713 1520 2:
738 1456 895 1541 Togonius
919 1456 1028 1521 Gallus
1051 1456 1157 1520 orabat
1180 1479 1265 1533 eum,

234 1581 269 1638 ut
292 1575 439 1658 deligeret
461 1574 640 1653 Senatores,
664 1599 700 1639 aa
722 1577 824 1661 quibua
850 1577 912 1639 XX
929 1582 1006 1640 carle
1027 1575 1109 1641 duali
1131 1582 1160 1640 al
1172 1577 1265 1662 ferro

233 1695 372 1773 accincti,
396 1697 527 1781 qaolleaa
555 1697 672 1760 Graiam
695 1697 813 1772 loiseel,
837 1699 959 1760 salutem
981 1702 1044 1760 eiua
1066 1697 1264 1776 defenderent.

233 1811 327 1892 Quod
358 1812 498 1877 Tiberius
530 1836 599 1877 cum
630 1815 821 1878 senatoribus
846 1815 952 1878 derisit
975 1824 1005 1879 et
1029 1814 1137 1879 abnuit
1160 1814 1264 1879 diceus

232 1931 312 1993 inter
341 1930 417 1993 alia:
446 1954 535 2015 aequa
562 1933 650 1996 ailam
679 1932 737 1995 alli
765 1934 842 1996 lauti
864 1934 892 1996 ai
918 1933 1008 1996 armis
1030 1936 1149 2014 lepeoda
1168 1934 1263 2015 forat.

233 2047 321 2128 Quae
345 2056 446 2113 autem
471 2049 529 2113 sibi
552 2050 671 2128 noluit,
697 2073 732 2114 ea
754 2051 859 2114 matris
882 2051 1005 2115 nomine
1028 2073 1152 2135 quoque
1172 2073 1262 2136 nega·

235 2167 294 2243 vit,
320 2166 336 2229 I
363 2170 420 2243 14;
446 2166 474 2228 V
499 2171 529 2231 2.
577 2168 754 2232 Intercessit
778 2169 869 2232 etiam
892 2191 931 2232 ne
955 2169 1066 2232 mensis
1090 2168 1266 2253 September

235 2285 365 2347 Tiberias
396 2294 569 2362 vocaretur,
602 2286 686 2350 Suet.
715 2290 772 2365 26,
799 2290 850 2352 27.
896 2288 954 2351 Dio
982 2287 1066 2352 (lasa.
1093 2289 1145 2365 57,
1173 2291 1190 2350 8
1216 2312 1263 2373 sq.

232 2402 351 2467 Doceut
374 2403 448 2467 haec
472 2405 610 2488 exempla
633 2428 701 2470 eum
725 2406 836 2470 decora
858 2414 888 2470 et
911 2406 1041 2471 honores
1058 2430 1112 2492 per
1128 2430 1160 2472 se
1176 2408 1264 2472 flocci

232 2543 294 2585 non
318 2522 440 2600 iecisse,
459 2498 554 2608 eaque
578 2526 747 2610 respuisse,
771 2548 841 2590 cum
865 2527 944 2590 hanc
967 2528 1007 2592 ob
1031 2550 1167 2606 causam,
1191 2535 1260 2592 tum

233 2640 305 2721 quia
329 2640 366 2704 ab
391 2640 601 2706 adulatoribus
625 2643 717 2727 vulgo
734 2644 927 2720 offerrentur,
944 2639 1075 2708 maxime
1092 2667 1161 2708 vero
1178 2647 1261 2729 quod

232 2765 358 2821 noverat
382 2781 486 2838 auram
507 2762 701 2846 popularem,
722 2763 818 2826 levem
835 2770 865 2826 et
881 2763 1074 2840 mutabilem,
1092 2786 1154 2846 quo
1171 2786 1263 2847 quem

231 2878 323 2941 altius
354 2880 512 2956 extulerit,
544 2903 579 2944 eo
607 2881 697 2945 citius
726 2904 762 2945 ex
785 2882 910 2946 honoris
934 2882 1056 2968 fastigio
1080 2883 1258 2961 detrudere3

231 2997 382 3060 sentiebat
406 3004 507 3061 autem
531 2999 590 3062 sibi
611 2999 715 3063 deesse
737 2999 806 3062 illas
830 3000 990 3064 facultates
1014 2999 1126 3083 quibus
1151 3000 1263 3063 Caesar

232 3121 262 3177 et
291 3116 451 3200 Augustus
484 3117 590 3201 populi
618 3118 749 3182 favorem
780 3117 838 3181 sibi
870 3118 908 3182 ad
940 3119 1018 3183 vitae
1050 3120 1141 3183 finem
1165 3142 1263 3203 usque

230 3244 434 3299 servaverant.
475 3304 478 3310 ,

554 3487 660 3534 CAUSA
683 3488 814 3535 maome
835 3489 944 3536 DRUSI.

274 3700 343 3764 Lib.
377 3700 420 3763 Il.
456 3699 531 3784 (lap.
564 3703 705 3765 27-32.
754 3698 860 3779 Quum
892 3699 975 3763 haud
1007 3701 1164 3763 minimam
1195 3700 1259 3763 odii

232 3826 347 3900 partem
373 3818 539 3882 maiestatis
563 3817 795 3902 quaestiouibus
820 3816 880 3879 sibi
903 3817 1088 3879 contraxerit
1103 3816 1259 3894 Tiberius,

231 3959 325 4000 unam
349 3960 385 4000 ex
409 3937 446 4000 iis
470 3937 622 4015 tractabo,
647 3937 679 3999 in
702 3958 764 4021 qua
788 3934 956 3999 enarranda
978 3957 1083 3998 omncs
1099 3936 1172 3999 artis
1189 3958 1261 4000 suae

232 4079 340 4120 nervos
365 4058 494 4141 scriptor
517 4057 668 4134 intendit3
693 4055 775 4139 quod
799 4056 843 4119 ita
866 4055 992 4130 faciam,
1019 4062 1054 4117 ut
1072 4055 1152 4118 facta
1167 4055 1261 4140 probe

230 4177 421 4262 distinguam
439 4201 455 4241 a
472 4179 571 4243 verbis
594 4185 624 4242 et
648 4178 826 4255 sententiis,
851 4153 964 4261 quibus
987 4176 1040 4240 ille
1064 4199 1099 4241 ea
1121 4177 1260 4242 involvit.
