3008 4920
670 432 770 491 -19

233 640 383 701 rtiotitous
407 640 566 723 collemque
589 661 620 701 se
644 639 843 722 temperantia
868 659 989 700 neruum
1012 637 1045 698 iu
1065 637 1105 698 iis
1122 636 1271 719 quaesibi

234 760 443 834 tribuerentur,
468 767 597 822 ceterum
620 761 759 820 ammius
782 759 794 820 i
802 760 934 820 noiolio
959 765 987 818 et
1010 757 1153 839 muliebre
1166 756 1270 840 fusti-

232 882 314 964 pium
340 882 372 943 iu
396 883 628 945 deminutionem
653 903 738 943 suom
762 881 929 960 occipiens,
953 902 988 940 ue
1005 879 1137 940 lictorem
1153 878 1271 963 quidem

235 1004 264 1064 ei
286 1004 406 1065 (lecerui
428 1024 537 1085 possus
564 1009 610 1065 est
633 1024 774 1085 urumque
797 1001 968 1083 adoptionis
991 1005 1021 1062 et
1044 999 1111 1061 olio
1133 999 1269 1060 huiusce·

235 1122 316 1182 morti
341 1121 506 1203 probibuit.
521 1121 546 1202 1)
582 1119 738 1184 Tiberium
771 1118 1082 1203 temperantissimum
1114 1117 1207 1180 fuisse
1238 1117 1271 1179 in

237 1240 421 1325 accipiendis
446 1239 614 1304 honoribus
639 1241 712 1303 satis
728 1247 835 1303 notum
854 1249 899 1303 est
915 1239 967 1322 (dc
983 1262 1045 1322 qua
1059 1261 1091 1301 re
1113 1238 1174 1301 vid.
1192 1237 1271 1302 infra

237 1361 275 1424 ad
298 1360 345 1425 IV
371 1364 438 1448 37).
486 1361 583 1426 Numv
600 1371 703 1426 autem
726 1362 817 1426 matri
840 1369 964 1446 propter
987 1362 1135 1424 inertiam
1158 1382 1194 1429 ee
1217 1360 1270 1422 tri·

238 1482 290 1548 bui
314 1506 375 1548 non
401 1506 509 1569 passus
533 1485 592 1563 sit,
609 1483 753 1568 estquod
777 1483 899 1548 dubites
919 1490 1043 1547 auctore
1062 1483 1129 1567 ipso
1148 1481 1270 1556 Tacito,

239 1602 353 1686 quippe
376 1603 431 1686 qui
455 1603 493 1666 de
509 1603 566 1667 filii
581 1625 650 1668 cum
668 1611 765 1667 matre
785 1601 1006 1667 consuetudine
1026 1602 1101 1665 haec
1117 1600 1179 1664 duo
1196 1600 1271 1664 affir-

240 1730 317 1784 met:
343 1721 490 1800 alterum,
516 1725 714 1786 inveteratum
743 1725 857 1786 liberio
876 1744 946 1805 erqo
962 1730 1085 1784 matrem
1102 1722 1269 1805 obsequium

238 1841 351 1919 fuisse,
378 1841 405 1903 V
423 1846 461 1920 3,
486 1842 532 1906 VI
550 1846 609 1908 57:
633 1843 781 1920 alterum,
807 1843 930 1907 cessisse
955 1865 1024 1907 eum
1045 1843 1150 1906 matris
1167 1841 1272 1905 volun·

239 1960 315 2037 tati,
348 1962 600 2046 quotiescumque
632 1963 837 2026 controversie
866 1962 945 2025 inter
976 1961 1080 2026 ambos
1105 1961 1271 2037 exstiterit;

241 2079 272 2143 id
297 2082 395 2159 enim,
415 2082 491 2146 licet
515 2106 575 2146 non
603 2084 733 2148 totidem
760 2085 859 2149 verbis
882 2084 1096 2161 declaraverit,
1121 2082 1273 2146 nihilomi-

242 2221 300 2262 nus
324 2202 464 2286 sequitur
486 2224 523 2266 ex
546 2202 689 2267 omuibus
705 2203 742 2267 iis
758 2204 832 2267 locis
841 2251 850 2282 ,
867 2204 899 2267 in
916 2204 1029 2286 quibus
1045 2203 1183 2286 tangitur
1199 2201 1273 2264 haec

241 2322 389 2403 quaestio.
421 2321 438 2384 I
459 2324 515 2384 13:
545 2322 689 2386 Haterius
714 2324 866 2408 Agrippa,
890 2323 1006 2386 offenso
1028 2323 1184 2407 principe,
1210 2323 1273 2385 Au·

240 2447 361 2522 gustam
395 2448 477 2518 orat,
511 2441 636 2524 eiusque
666 2442 841 2526 precibus
873 2442 1100 2526 protegitur.
1148 2439 1182 2503 II
1210 2443 1271 2503 34:

244 2563 380 2624 Tiberius
399 2564 544 2626 borteuue
566 2566 659 2626 motri
675 2565 826 2648 (quamvis
846 2566 958 2649 iniqua'
969 2565 1098 2650 petenti)
1115 2565 1273 2646 indulgere

239 2682 330 2746 cirrite
352 2689 454 2760 ratus,
477 2683 560 2748 unde
586 2689 697 2748 Cursor
719 2687 939 2768 maioresque
955 2687 1038 2770 fuit.
1071 2684 1218 2749 Similiter
1241 2685 1273 2747 in

240 2820 330 2862 causa
353 2799 518 2865 Plancinae
541 2801 594 2865 ΠΙ
621 2805 671 2868 17.
717 2802 789 2867 Non
814 2804 949 2888 neglexit
971 2803 1075 2868 debite
1097 2804 1186 2868 matri
1210 2803 1270 2866 offi-

238 2919 286 2982 cia
315 2919 368 2983 ΙΠ
401 2921 460 2983 64:
493 2921 551 2984 Sub
587 2923 665 2986 idem
697 2930 812 3006 tempus
843 2925 882 3007 (a.
916 2926 976 3000 22,
1010 2931 1075 2987 erat
1108 2926 1149 2986 64
1178 2944 1273 2986 annos

237 3042 340 3125 natus)
384 3041 488 3106 Iuliae
522 3048 677 3126 Aupustoe
718 3044 860 3107 ualetudo
894 3052 981 3106 atros
1023 3044 1272 3107 uecessitudinem

240 3157 383 3240 Priuoipi
401 3159 486 3244 feeit
500 3161 655 3245 festinati
680 3163 713 3223 im
745 3164 842 3225 urbem
871 3162 997 3226 reditus.
1043 3161 1184 3245 Denique
1211 3183 1273 3225 non

240 3276 379 3360 exiguam
400 3277 465 3341 eius
486 3301 557 3363 erga
572 3286 700 3344 matrem
725 3281 923 3344 reverentiam
947 3281 1041 3344 fuisse
1066 3280 1123 3343 hoc
1145 3281 1274 3343 maxime

239 3396 367 3495 clamat,
389 3399 472 3482 quod
497 3400 626 3465 Fusium
650 3401 813 3466 Geminum
834 3404 965 3465 dicerem
981 3409 1010 3464 et
1031 3402 1179 3464 Tiberium
1196 3423 1275 3463 erer-

239 3518 285 3579 bir
298 3519 432 3603 facetiis
459 3521 586 3584 irridere
612 3522 736 3585 solitum
759 3521 811 3587 sed
835 3522 940 3586 matris
965 3523 1063 3606 gratie
1086 3521 1273 3605 pollentem,

274 3757 299 3818 1)
316 3755 427 3805 Suetonii
451 3757 522 3806 rerba
541 3757 571 3807 0.
589 3757 633 3806 ὅθι
652 3773 697 3805 nou
716 3758 790 3805 ultum
808 3757 920 3821 iuriquem
937 3757 1047 3819 bonorem
1064 3755 1167 3820 recipere
1182 3756 1274 3820 publice

238 3871 322 3917 puseus
343 3853 421 3903 estid
440 3854 517 3919 ipsum
536 3858 645 3919 spectant
662 3858 686 3904 et
703 3873 716 3903 e
733 3855 816 3904 Tacito
835 3856 944 3904 dcsumte
962 3855 1082 3904 videntur.
1112 3853 1176 3902 Idem
1195 3853 1273 3903 diceu-

240 3951 297 4000 dum
315 3950 344 3999 de
361 3950 556 4015 praecedentibus
578 3965 625 3999 uuo
648 3951 733 4014 oppido
754 3953 871 4009 clausum,
889 3967 949 4014 queo
967 3949 1126 4014 comparanda
1143 3953 1199 3998 sunt
1216 3966 1270 4013 cum

155 4057 158 4063 ·
242 4048 298 4097 Teo.
317 4049 329 4097 1
348 4052 377 4097 53
396 4063 450 4097 mou
470 4047 556 4110 oppido
574 4047 715 4112 Repiuorum
809 4049 898 4096 clausa.
933 4046 1021 4096 Utrum
1040 4047 1068 4096 C.
1086 4047 1117 4095 58
1134 4047 1276 4096 exercendus

242 4161 292 4194 erre
311 4147 374 4210 tepet
395 4147 516 4208 respondit
533 4162 546 4194 e
563 4146 621 4196 Tac.
639 4145 652 4193 1
670 4146 717 4204 72,
739 4162 768 4194 au
792 4149 920 4208 utrumque
937 4160 966 4193 ex
984 4143 1066 4193 eodem
1085 4143 1151 4193 sonte
1168 4159 1277 4192 manuve·

243 4241 288 4300 rit,
306 4241 401 4291 haereo.

1028 4298 1030 4302 ,
1074 4288 1174 4397 ..ᾖ
