3008 4920
606 1229 886 1300 PROOEMIUM.

424 1518 470 1564 DE
492 1519 670 1566 Anuanmut
694 1517 883 1564 scurranum
907 1519 1077 1566 SUBSIDHS.

279 2048 383 2128 Quum
407 2049 439 2112 id
464 2071 552 2133 egam
576 2049 607 2111 in
633 2048 690 2111 hoc
714 2049 828 2133 capite,
853 2056 888 2112 ut
908 2049 1083 2112 summatim
1101 2070 1270 2134 exponam,

234 2170 418 2254 quibusnam
442 2191 479 2233 ex
496 2169 597 2232 causis
620 2169 660 2247 ii,
686 2169 740 2254 qui
764 2169 801 2234 ab
826 2167 994 2234 Annalium
1019 2170 1167 2253 scriptore
1191 2191 1271 2233 com·

234 2292 320 2356 missi
355 2292 516 2356 videantur
550 2314 683 2369 errorcS,
719 2315 774 2377 pro
809 2298 895 2377 parte
934 2291 1042 2354 saltam
1080 2291 1269 2375 prodierint,

233 2412 425 2476 subsidiorum
457 2413 579 2476 nomine
611 2435 672 2476 non
704 2412 805 2476 fontes
836 2418 977 2489 tantum,
1013 2410 1065 2474 sed
1101 2411 1204 2476 omnia
1236 2434 1271 2475 eu
1377 2451 1379 2454 <

233 2533 435 2618 complectar,
469 2554 565 2617 quae,
598 2534 661 2596 sive
692 2555 839 2618 personae
862 2534 960 2618 ipsius
991 2533 1054 2626 sive
1074 2533 1183 2597 aetatis
1208 2555 1270 2617 qua

234 2653 310 2715 vixit
338 2653 478 2738 propria,
503 2653 536 2716 in
561 2653 740 2737 scriptorem
770 2653 831 2717 vim
863 2653 976 2717 habere
1006 2655 1176 2738 potuerint.
1224 2656 1282 2717 Ac·

233 2771 366 2854 primum
390 2770 513 2855 quidem
539 2770 704 2835 dicendum
728 2780 774 2835 est
797 2771 835 2834 de
849 2772 999 2857 fontibus.

278 2890 443 2954 Meierotto
466 2890 626 2968 libellum,
644 2913 735 2976 quem
752 2914 778 2955 a.
800 2895 883 2956 1795
905 2892 937 2955 in
955 2891 1055 2956 lucem
1072 2890 1187 2966 edidit,
1205 2892 1271 2955 iure

232 3010 291 3075 hoc
313 3010 408 3075 titulo
431 3011 601 3096 insignivit.
638 3011 774 3089 „Fontes
802 3032 879 3094 quos
906 3011 1032 3075 Tacitus
1056 3012 1088 3074 in
1112 3010 1270 3075 tradendis

231 3131 322 3195 rebus
358 3139 429 3195 ante
464 3153 495 3194 se
527 3132 621 3215 gestis
652 3131 792 3195 videatur
824 3131 1006 3216 sequutus.’'
1052 3131 1158 3211 Quum
1190 3132 1271 3195 enim

233 3273 288 3317 nec
311 3253 494 3337 scriptorum
518 3275 575 3317 neo
599 3259 884 3329 monumentorum,
910 3275 1040 3337 quorum
1066 3260 1167 3316 tamen
1185 3261 1271 3315 utro·

234 3390 362 3454 rumque
392 3391 533 3455 magnam
566 3371 684 3454 copiam
709 3371 873 3448 adhibuit,
898 3371 958 3434 nisi
981 3393 1050 3434 raro
1074 3371 1189 3434 mentio
1212 3372 1272 3435 ini·

233 3489 346 3566 ciatur,
372 3490 512 3573 quaestio
537 3512 634 3574 paene
657 3497 724 3553 tota
747 3492 779 3553 in
804 3492 979 3555 coniectura
1002 3491 1103 3576 posita
1127 3498 1183 3554 est.

277 3607 391 3672 Rerum
419 3631 495 3701 quas
522 3617 626 3673 narrat
650 3616 789 3673 auctores
813 3609 983 3673 nominavit
1006 3617 1125 3672 tantum
1151 3608 1185 3672 0.
1211 3609 1271 3672 Pli-
1331 3684 1334 3688 Ι

233 3727 318 3790 nium
347 3727 599 3791 Germanicorum
623 3727 772 3791 bellorum
797 3728 977 3812 scriptorem
1000 3729 1038 3793 A.
1063 3727 1080 3790 I
1104 3714 1161 3805 60,
1186 3727 1270 3791 XIII

234 3851 295 3926 20,
328 3848 388 3912 XV
420 3851 472 3914 53.
509 3851 590 3914 Hist.
619 3849 671 3914 III
700 3854 760 3928 28,
797 3851 985 3935 Agrippinae
1008 3851 1088 3914 filiae
1112 3849 1271 3914 Commen-

233 3969 328 4032 tarios
352 3969 389 4034 A.
413 3969 458 4032 IV
485 3972 545 4048 53,
569 3969 700 4034 Fabium
724 3970 888 4035 Rusticum
905 3973 943 4034 A.
960 3970 1044 4033 XIII
1061 3973 1122 4047 20,
1140 3969 1218 4034 XIV
1231 3973 1270 4049 2,

236 4088 296 4150 XV
321 4092 379 4164 ol,
412 4090 515 4174 Agric.
545 4093 598 4167 10,
628 4088 774 4153 Cluvium
799 4090 916 4154 Rufum
939 4090 1022 4154 XIII
1047 4093 1105 4169 20,
1129 4090 1204 4154 XIV
1231 4094 1269 4168 2,

236 4210 421 4295 Vipstanum
439 4195 442 4200 ¹
460 4212 636 4276 Messallam
668 4212 749 4277 Hist.
783 4213 834 4276 III
867 4216 925 4290 25,
960 4217 1017 4289 28,
1053 4212 1080 4276 Ι.
1110 4211 1269 4276 Caesarem

1133 4333 1150 4389 1
