3008 4920
729 415 769 475 22

276 618 390 681 Pauca.
403 619 579 681 annotanda
603 627 676 682 suut
700 619 737 682 ad

276 736 350 821 Cap.
383 739 434 800 53.
482 737 622 800 Tiberius
655 737 817 821 imperium
850 737 980 821 adeptus
1011 736 1141 814 lulium,
1174 738 1268 800 filiam

233 857 368 940 Augusti
392 879 470 939 quae
494 856 567 919 olim
592 879 669 920 uxor
692 858 757 920 eius
781 858 897 934 iuerat,
915 865 1057 920 eatamem
1075 858 1095 920 i.
1113 880 1139 920 e.
1157 858 1269 941 relega-

231 984 291 1039 tam
316 1000 334 1039 a
353 959 438 1060 patre
456 999 481 1040 a.
503 979 522 1037 2
544 999 570 1039 a.
588 975 661 1039 Ohr.
687 978 790 1054 inopia
816 1000 852 1040 aa
875 979 941 1039 taba
959 977 1046 1059 lampa
1061 978 1186 1054 peremit
1197 980 1269 1050 ‚at-¹

230 1120 347 1162 emmam
368 1099 443 1183 fara
474 1121 573 1161 necem
606 1098 827 1182 torrpiaqmitate
852 1099 957 1162 neritii
979 1105 1072 1160 ratas.
1119 1098 1268 1161 Pasobius

231 1218 263 1281 in
287 1218 366 1281 libro
390 1241 444 1281 nur
468 1209 573 1281 Kritik
598 1226 654 1281 eto.
681 1241 710 1302 p.
738 1221 779 1280 68
797 1221 818 1302 ¹)
843 1219 943 1282 Iuliae
967 1219 1064 1282 iatum
1090 1241 1198 1302 purum
1223 1240 1270 1282 eo·

231 1342 336 1400 curate
367 1337 530 1415 tractavit3
564 1344 663 1420 neque
696 1337 777 1401 enim
810 1337 900 1401 verbu
933 1340 1036 1422 inopia
1068 1375 1113 1385 —-
1142 1338 1268 1420 peremit

233 1457 406 1541 significant
430 1458 512 1543 apud
535 1458 676 1523 Tacitum
691 1461 783 1544 fame
807 1460 959 1522 interemit
984 1429 1034 1538 (cf.
1053 1457 1099 1521 VI
1124 1460 1182 1535 23,
1200 1461 1269 1541 25),

234 1599 290 1640 neo
320 1596 423 1640 verum
459 1585 522 1655 est,
556 1579 639 1661 quod
671 1578 848 1656 contendit,
879 1577 1061 1642 Suetonium
1085 1601 1148 1641 rem
1171 1578 1271 1643 multo

234 1696 325 1759 etiam
351 1695 529 1760 horribilius
553 1718 729 1781 proponere.
776 1697 876 1761 Ambo
899 1698 982 1761 idem
1005 1707 1131 1761 narrant
1154 1698 1207 1762 sed
1228 1698 1271 1761 di·

235 1840 332 1890 versa,
350 1818 467 1881 ratione
498 1826 590 1902 atque
614 1819 658 1881 ita
682 1826 717 1881 ut
740 1817 880 1882 Suetonii
905 1819 1039 1881 narratio
1063 1818 1205 1882 Taciteae
1228 1821 1270 1882 sit

235 1960 290 2020 pro
314 1939 548 2020 commentario,
574 1945 609 2002 ut
626 1947 706 2002 reete
727 1940 803 2003 vidit
820 1939 947 2024 Ruperti
963 1941 995 2003 in
1013 1939 1129 2003 Comm.
1148 1939 1186 2003 ad
1203 1940 1233 2004 h.
1247 1939 1268 2004 l.

235 2054 348 2119 Scribit
365 2055 449 2120 Suet.
467 2079 493 2121 e.
512 2060 571 2121 50:
591 2057 705 2121 latiam
725 2108 790 2122 ....
813 2082 851 2122 aa
869 2060 1083 2122 constitutione
1096 2061 1197 2142 patris
1213 2081 1271 2121 mmo

235 2175 344 2253 oppido
367 2175 501 2238 clausam
526 2177 607 2239 (Iamo
631 2199 744 2260 qnoque
767 2179 866 2259 epredi
889 2184 918 2240 et
938 2178 1105 2240 commercia
1122 2177 1272 2240 hominum

230 2295 301 2371 frmi
323 2297 470 2367 vetuerit:
495 2298 550 2357 red
572 2303 600 2358 et
622 2297 897 2386 pearrtiaaoaaemo
921 2321 941 2359 a
963 2305 1050 2380 patre
1065 2299 1273 2382 praebitisque

236 2414 350 2505 annaio
364 2414 553 2498 fraudarit,
575 2437 628 2492 per
651 2416 777 2493 speeiem
798 2415 916 2498 pattici
935 2417 1025 2487 iaris,
1042 2419 1120 2499 qaod
1140 2417 1222 2478 aitil
1236 2418 1273 2479 (ta

236 2533 284 2594 tu
312 2538 465 2612 stupratae
488 2538 664 2596 testamenta
680 2524 818 2598 currisset.
857 2533 1001 2598 Ceterum
1018 2557 1114 2618 quum
1130 2534 1272 2599 Tiberius

236 2673 364 2735 regnum
390 2651 520 2735 adeptus
544 2653 584 2715 sit
607 2652 636 2716 d.
665 2656 702 2716 19
729 2677 768 2718 m.
794 2655 874 2738 Aug.
892 2677 919 2718 a.
941 2658 998 2732 rt,
1017 2677 1051 2717 ne
1067 2654 1149 2719 Iulia
1165 2656 1272 2720 eodem

235 2792 316 2834 anno
347 2771 367 2834 i.
400 2794 425 2835 e.
457 2773 516 2834 iam
546 2773 645 2836 tribus
677 2785 847 2857 quatuorve
870 2774 1026 2839 mensibus
1050 2783 1119 2860 post
1143 2775 1269 2852 obierit,

235 2912 297 2962 non
329 2890 421 2953 nimis
452 2891 606 2974 urgendae
633 2900 708 2955 sunt
730 2893 806 2956 istae
830 2893 1004 2977 tragoediae
1028 2894 1065 2958 de
1089 2894 1159 2958 tabe
1184 2896 1272 2978 trapa

159 3099 161 3103 Ι
237 3009 337 3094 deque
360 3009 502 3072 fraudata
525 3010 669 3094 praebitis
694 3012 812 3074 anania.

343 3239 484 3286 rnorrne
518 3240 696 3300 suerrorx,
725 3243 977 3294 rnrnrnnrcnrr
1009 3243 1169 3290 orrrnoun

596 3359 740 3421 cirrus,
770 3362 917 3416 rurouus.

282 3543 351 3608 Lib.
376 3544 393 3607 Ι
416 3543 490 3628 Cap.
518 3547 571 3610 72.
618 3545 733 3607 Nomen
762 3547 864 3627 patrio
886 3547 1010 3627 patriae
1037 3546 1172 3609 Petram
1187 3567 1206 3606 a
1225 3567 1275 3628 pa·

236 3666 313 3747 pala
336 3666 458 3748 saepiat
474 3667 620 3748 importum
637 3667 824 3749 repudiavit:
844 3688 938 3750 aeque
953 3668 985 3728 ia
1003 3673 1073 3728 acta
1085 3689 1142 3728 ona
1158 3668 1273 3742 iurari,

238 3792 415 3868 quamquam
452 3792 587 3848 censente
621 3794 746 3860 renata,
773 3786 928 3868 permitit,
962 3793 1069 3849 ramata
1102 3786 1274 3848 mortalium

240 3903 371 3975 ineerta,
395 3913 564 3988 quantaque
590 3905 665 3987 pluo
695 3907 823 3987 adaptas
837 3906 926 3990 forat
949 3911 1036 3966 tanto
1059 3927 1091 3966 re
1120 3906 1217 3986 mapir
1238 3906 1272 3967 in

244 4051 414 4061 ..η-.-

278 4121 299 4180 i)
317 4121 394 4170 Locus
416 4138 485 4185 quem
504 4123 563 4173 eitot
580 4124 696 4174 Paoebiuo
714 4142 726 4173 e
744 4127 761 4175 Ι.
778 4125 856 4178 1v71
876 4143 923 4174 non
942 4129 972 4176 nd
990 4129 1051 4179 boue
1069 4128 1168 4188 Iulium,
1185 4127 1226 4176 eed
1243 4127 1273 4177 od

240 4221 336 4283 neptem
355 4219 457 4282 Augusti
476 4219 588 4287 pertinet.
