3008 4920
731 425 774 483 45

192 637 195 643 '
232 625 449 700 tractabantur,
484 626 704 708 dabaturque
731 625 947 708 prirnoribus
978 626 1152 691 disserere
1180 633 1209 690 et
1235 628 1266 689 in

232 743 430 808 adulationem
452 745 552 828 lapsos
575 745 762 807 cohibebat
784 745 871 828 ipae.

276 861 411 925 Transeo
434 861 472 924 ad
496 861 725 944 privatorum
749 882 952 924 sermonum
976 860 1156 924 libertatem.
1188 860 1266 924 Sane

233 981 381 1064 quamdiu
404 981 451 1045 lex
476 981 643 1045 maiestatis
670 982 807 1066 vigebat,
832 982 1002 1045 delatorum
1027 982 1127 1065 proles
1150 968 1271 1046 succro-V

233 1098 295 1176 vit,
321 1120 450 1181 quorum
476 1099 651 1162 tristissimo
676 1098 783 1162 ardore
808 1122 845 1162 ne
861 1100 1049 1183 privatorum
1066 1100 1190 1183 quidem
1208 1123 1267 1164 ser·

233 1240 338 1282 mones
354 1226 440 1282 erant
457 1220 527 1282 tuti.
552 1219 612 1283 Sed
628 1220 702 1283 iusti
715 1220 873 1296 ursimus,
886 1241 948 1283 non
962 1219 1265 1303 praetermittendum

234 1345 293 1413 est,
319 1336 375 1399 bos
399 1359 569 1400 omnes-
591 1344 711 1420 praeter
734 1359 784 1400 eos
808 1337 863 1420 qui
888 1344 1011 1401 auctore
1035 1335 1144 1399 Seiano
1168 1337 1266 1399 Iuliae

233 1455 334 1538 gentis
355 1454 496 1521 subolem
520 1454 721 1540 perdiderunt
742 1493 786 1502 —
806 1476 869 1517 non
893 1453 1030 1517 Caesaris
1049 1453 1196 1517 mandatu
1212 1453 1266 1517 sed

233 1594 290 1635 suo
320 1571 419 1635 Marte
448 1573 498 1655 (cf.
523 1572 558 1635 ΙΙ
582 1575 636 1657 34)
669 1573 765 1656 egisse
795 1572 1016 1657 Tiberiumque
1040 1595 1091 1636 eos
1115 1579 1265 1657 quantum

234 1698 353 1775 poterat
377 1693 556 1756 coercuisse.
593 1692 705 1756 Scribit
728 1692 766 1756 de
791 1715 826 1755 ea
848 1715 880 1756 re
904 1692 1029 1756 Tacitus
1047 1693 1063 1754 Ι
1081 1696 1140 1757 73;
1158 1699 1268 1776 quanta

236 1809 370 1871 Tiberii
393 1815 472 1873 arte
491 1811 698 1890 pariasirnum
723 1811 848 1874 exitium
873 1812 925 1893 (sc.
946 1810 1076 1895 delatio)
1099 1811 1267 1894 irrepserit,

234 1930 301 1990 dria
324 1950 487 2011 repressum
510 1930 567 2005 at,
590 1935 739 2013 postremo
765 1931 886 2004 arserit,
911 1937 1072 2013 cunctaque
1094 1929 1270 2013 corripuerit

235 2049 290 2113 rel.
298 2075 307 2126 3
332 2055 364 2111 at
388 2049 414 2111 is
444 2048 476 2110 in
507 2070 542 2112 eo
573 2047 707 2124 fallitur,
736 2048 819 2131 quod
843 2047 956 2111 delatio
980 2070 1041 2111 non
1065 2048 1189 2132 irrepsit
1212 2047 1269 2110 sub

237 2169 378 2245 Tiberio,
403 2168 455 2232 sed
479 2170 540 2231 iam
566 2171 707 2252 Augusto
731 2175 878 2252 regnante
902 2168 1074 2231 delatorum
1098 2167 1186 2251 copia
1202 2189 1272 2251 sup·

238 2288 363 2371 petebat
372 2314 381 2365 3
399 2288 498 2351 iustus
515 2309 585 2350 vero
602 2288 634 2349 in
651 2309 686 2349 eo
703 2295 757 2363 est,
776 2286 859 2369 quod
876 2308 1041 2370 repressam
1060 2308 1124 2349 esse
1141 2285 1225 2350 dicit.
1241 2286 1267 2369 ¹)

238 2405 298 2469 Sed
322 2405 474 2489 quidquid
498 2411 557 2481 est,
583 2404 797 2468 deferebantur
817 2426 970 2468 sermones
987 2427 1002 2467 e
1019 2404 1086 2488 lege
1102 2404 1269 2467 maiestatis

236 2525 319 2589 Iulia
342 2525 418 2608 (vid.
443 2547 473 2608 p.
493 2526 559 2610 23),
586 2533 620 2588 ut
644 2525 853 2608 quaerendum
877 2525 917 2587 sit
941 2546 1017 2588 num
1033 2524 1150 2587 delatos
1167 2546 1269 2588 severe

237 2644 380 2708 habuerit
414 2642 565 2707 Tiberius.
613 2643 754 2706 Occurrit
788 2644 920 2727 primum
956 2636 1129 2727 exemplum
1166 2644 1181 2706 I
1216 2646 1268 2708 74.

239 2765 403 2828 Marcellus
434 2763 632 2827 insimulatur
663 2763 803 2826 sinistros
833 2762 870 2825 de
895 2762 1018 2826 Tiberio
1042 2785 1195 2826 sermones
1219 2763 1270 2826 ha·

238 2885 356 2960 buisse,
381 2905 457 2967 quos
478 2882 606 2945 audiens
630 2882 684 2945 ubi
707 2882 890 2958 recitantur,
915 2881 1047 2965 primum
1077 2881 1271 2945 vehementer

238 3002 362 3066 exardet
377 3039 423 3050 —
438 3023 493 3065 nec
516 3002 646 3077 mirum,
672 3000 783 3084 quodsi
806 2999 927 3084 placido
952 3022 1003 3063 ore
1027 2999 1211 3077 audivisset,
1236 2999 1268 3063 id

238 3123 303 3186 sine
324 3121 418 3185 dubio
435 3121 557 3184 Tacitus
575 3121 781 3184 simulationis
797 3119 946 3183 indicium
962 3120 1120 3184 habuisset
1136 3119 1267 3183 -dein

239 3265 309 3306 vero
332 3241 489 3306 liberrima
512 3239 568 3304 On.
593 3240 713 3303 Pisonis
729 3241 867 3303 oratione
883 3239 1039 3324 placatus,
1057 3239 1175 3323 patiens
1196 3239 1269 3302 tulit
1362 3293 1363 3296 ,

240 3384 325 3425 reum
350 3361 483 3437 absolvi,
509 3360 591 3445 quod
617 3360 663 3422 vel
686 3359 811 3422 Tacitus
834 3358 940 3423 laudat
964 3358 1012 3423 his
1036 3358 1153 3423 verbis:
1177 3380 1271 3421 mane·

240 3482 309 3543 bant
332 3479 422 3544 etiarn
446 3487 506 3543 tarr
529 3479 650 3560 oestipio
665 3479 814 3541 morientia
828 3478 982 3542 libertatis.
1014 3478 1156 3541 Alterum
1171 3483 1270 3541 exstat

274 3733 298 3794 1)
318 3731 359 3780 111
379 3731 418 3780 56.
444 3729 528 3779 Puniti
546 3728 664 3778 delatores
680 3731 777 3776 auctm
789 3725 899 3788 principe
915 3726 1047 3774 acdecreto
1057 3729 1154 3773 senatus
1164 3723 1271 3774 citantur

241 3821 768 3885 111st;vla,a,7,1o‚eo.uiso.
793 3821 897 3879 58,21.
930 3820 1066 3884 Incrapituo
1087 3819 1180 3870 lvso.
1214 3820 1268 3869 Non

239 3923 339 3988 punitus
360 3922 417 3971 licet
443 3921 569 3970 convictus
592 3920 704 3967 fictorum
729 3916 855 3966 criminum
875 3931 936 3965 unus
956 3916 986 3965 V.
1003 3915 1105 3965 Serenus
1123 3915 1155 3964 IV
1174 3915 1214 3965 36.
1247 3918 1269 3964 Δ

239 4019 347 4068 delatore
371 4021 495 4067 accusatus
518 4020 542 4065 st
566 4015 658 4064 occisus
680 4030 694 4063 a
716 4014 821 4072 Senatu,
842 4012 938 4061 absente
960 4028 986 4061 ac
1009 4012 1106 4060 nolente
1128 4011 1225 4060 Tiberio
1242 4012 1268 4060 L.

239 4117 337 4165 Priscus
353 4116 394 4164 ΙΙΙ
411 4115 453 4164 49.
479 4113 580 4162 Sabinus
598 4111 701 4174 (dolatus
718 4127 731 4158 a
748 4109 914 4170 Senatoribus)
932 4109 966 4157 lv
981 4108 1012 4157 68
1030 4112 1055 4158 et
1070 4108 1160 4157 familia
1174 4109 1270 4157 Germa·

240 4217 302 4275 uici,
319 4216 423 4284 correpti
440 4219 496 4264 suut
514 4230 560 4263 non
579 4229 593 4261 a
609 4211 705 4260 Tiberio
722 4210 763 4259 sed
780 4227 793 4258 a
811 4209 905 4260 Seiano.
