3008 4920
776 410 817 472 76

280 613 393 697 quibus
418 613 698 678 circumsedebatur
720 614 860 678 calidiore
883 615 966 698 apud
985 634 1032 675 eos
1049 612 1181 675 Arminio
1199 612 1309 697 (ipsius

276 737 401 819 genero)
435 736 549 818 quoodo
584 736 687 797 tellam
719 735 869 797 aaudiat.
917 732 1103 816 Regreditur
1134 731 1246 796 (laesae
1275 733 1307 795 in

275 853 464 931 Cheruscos,
490 875 621 937 quorum
645 853 787 916 manibus
811 852 941 936 eripitur
956 852 1095 936 Segestes
1112 874 1182 915 cum
1198 874 1310 935 magna

173 1023 181 1038 .
276 972 520 1057 propinquorum
545 979 575 1035 et
600 970 758 1035 clientium
775 993 885 1049 manu,
902 971 935 1035 in
952 971 1066 1056 quibus
1083 993 1161 1034 uxor
1176 965 1310 1037 Arminii

276 1113 345 1155 cum
375 1089 481 1154 filiolo.
530 1089 613 1153 Hinc
643 1090 751 1173 ingens
788 1089 902 1154 bellum
934 1089 1079 1153 exoritur.
1127 1089 1310 1153 Germaniae

276 1221 383 1298 gentes
408 1213 513 1276 volant
542 1213 581 1276 ad
606 1235 698 1276 arma.
746 1211 948 1275 Caesareum
973 1211 1115 1275 omnibus
1139 1210 1235 1295 copiis
1258 1210 1312 1274 tri·

274 1335 388 1417 partito
418 1334 521 1418 (tertia
553 1356 622 1418 pars
652 1332 873 1418 permanead
898 1331 1071 1415 exemplum
1095 1332 1190 1414 patris
1215 1330 1309 1393 Drusi

275 1461 306 1516 et
329 1453 456 1539 Tiberii)
485 1454 681 1518 Germaniam
705 1454 841 1531 invadit,
867 1461 902 1516 ut
925 1452 1108 1517 conveniant
1132 1451 1169 1515 ad
1193 1452 1308 1515 fiumen

274 1574 436 1637 Amisiam:
462 1574 527 1637 adit
550 1573 662 1637 saltum
686 1572 1004 1656 Teutoburgensium,
1025 1571 1143 1656 colligit
1163 1571 1309 1656 reliquias

277 1691 426 1756 Varianae
458 1692 553 1755 cladis
576 1692 743 1775 conditque
767 1692 885 1755 solenni
908 1692 982 1755 ritu.
1028 1691 1106 1754 Hinc
1130 1691 1209 1774 petit
1231 1688 1310 1752 Ohe·

272 1834 376 1875 ruscos
400 1819 575 1896 ceterasque
601 1786 824 1875 Germanorum
841 1818 956 1896 gentes.
992 1809 1207 1874 Committitur
1223 1831 1308 1894 prce-

215 2010 220 2017 ,
273 1931 351 1995 lium
371 1938 406 1994 et
428 1933 561 1994 maoiboa
584 1933 685 2015 requie
707 1932 868 1995 abscessum
892 1952 918 1994 c.
945 1933 996 1994 63.
1018 1932 1039 2016 ¹)
1078 1929 1210 1995 Romani
1230 1951 1310 1993 rece-

271 2049 352 2113 dunt
375 2049 413 2113 ad
438 2049 602 2128 Amisiam,
628 2050 700 2113 hinc
722 2050 878 2134 tripartito
902 2049 1045 2126 domum,
1071 2050 1117 2112 uti
1141 2054 1305 2112 venerant:

271 2169 362 2232 tertia
395 2191 464 2253 pers
486 2169 620 2232 militum
644 2168 722 2232 duce
746 2167 877 2233 Caecina
900 2190 954 2253 per
977 2175 1089 2232 terram
1112 2166 1304 2251 regrediens,

273 2289 410 2372 vestigiis
431 2310 571 2373 pressum
594 2287 631 2352 ab
655 2289 796 2352 Arminio
823 2289 883 2351 vim
912 2287 1046 2352 hostium
1071 2310 1161 2371 aegre
1184 2295 1216 2351 et
1239 2308 1310 2350 cum

273 2413 357 2497 gravi
381 2412 565 2476 detrimento
580 2412 769 2496 propulsat:
794 2411 905 2495 reliqui
921 2412 1032 2496 partim
1049 2410 1180 2475 navibus
1197 2409 1308 2494 partim

272 2529 440 2594 secundum
472 2530 564 2594 litora
593 2529 838 2615 progredientes,
872 2528 1117 2614 impedimentis,
1142 2527 1308 2606 iumentis,

272 2647 439 2732 multisque
469 2648 600 2713 navibus
628 2659 720 2732 atque
743 2648 922 2714 hominibus
946 2649 1082 2726 amissis,
1107 2647 1231 2711 tandem
1260 2669 1308 2711 ex·

271 2767 374 2832 hausti
404 2768 562 2834 laboribus
595 2793 613 2834 a
644 2771 709 2834 suis
744 2771 946 2854 recipiuntur.
994 2769 1032 2833 In
1068 2768 1170 2849 Gallia
1204 2775 1306 2831 autem

271 2887 353 2951 fama
373 2890 433 2952 iam
463 2889 578 2953 exierat
602 2891 810 2954 circumventos
832 2890 978 2953 coercitae
999 2895 1028 2952 et
1050 2888 1159 2973 infesto
1189 2888 1307 2950 Germa·

270 3028 373 3069 noram
403 3008 516 3089 aymim
551 3007 668 3071 Gallias
691 3011 758 3093 peti
788 3030 814 3073 c.
841 3010 900 3085 693
931 3030 984 3071 nec
996 3008 1076 3089 fides
1097 3006 1204 3070 salutis
1226 3011 1306 3068 om

269 3146 356 3207 quom
379 3126 529 3189 Caesarem
551 3127 762 3210 meritumque
784 3129 915 3191 reducem
938 3125 1034 3189 videre
1056 3147 1083 3189 c.
1107 3126 1159 3188 70.
1184 3123 1305 3186 Damna

269 3243 421 3307 exercitus
445 3244 589 3329 suppleta
612 3253 686 3309 sunt
708 3245 745 3308 iis
770 3267 848 3330 quae
873 3243 1008 3320 Galliae,
1029 3243 1194 3328 Hispania,
1213 3241 1305 3306 ltalia

269 3363 460 3428 obtulerunt.
496 3364 696 3429 Germanicus
720 3365 844 3449 propria
867 3364 995 3449 pecunia
1018 3364 1146 3427 militem
1171 3363 1260 3427 iuvit.
1274 3363 1304 3447 2>
1331 3422 1337 3431 .

314 3482 461 3568 Sequenti
497 3507 577 3549 anno
612 3485 714 3548 denuc
754 3485 956 3549 Germanicus
990 3484 1100 3569 incipit
1132 3505 1150 3547 a
1182 3481 1302 3547 duabus

272 3639 442 3652 ——

302 3735 325 3790 l)
343 3733 444 3798 Spengel
462 3734 488 3783 ll.
506 3750 530 3798 p.
544 3733 577 3785 76
595 3749 659 3798 sqq„
677 3734 760 3797 quide
777 3737 829 3782 tole
841 3734 885 3784 hac
896 3734 1047 3798 expeditione
1058 3733 1243 3798 prudentissime
1256 3733 1304 3781 dis·

265 3830 375 3892 putavit,
399 3846 454 3879 vere
471 3831 582 3880 observat
599 3845 623 3894 p.
641 3830 702 3882 720:
723 3831 810 3890 „Was‚
828 3847 869 3880 um
887 3831 926 3880 die
944 3832 1143 3895 Verwnnderuug
1160 3831 1202 3880 des
1217 3831 1301 3880 Insere

264 3942 310 3986 „au
327 3943 439 3992 seregen,
457 3928 499 3976 das
515 3927 628 3976 Gemtlde
645 3943 675 3976 en
693 3927 905 3991 lebendiqkes't
918 3944 1075 3992 qewoanea
1092 3929 1158 3987 hat,
1175 3927 1302 3976 vertier!

264 4039 296 4072 es
311 4041 349 4072 an
365 4024 493 4075 inserer
515 4023 883 4074 Wahrseoeinlicnkeiae‘

301 4120 326 4182 2)
344 4121 425 4185 Equos
443 4123 463 4172 1.
481 4121 633 4172 cessariam
652 4123 678 4171 in
698 4121 813 4186 Hispanis
830 4126 902 4185 atque
919 4122 988 4170 ltalia
1005 4121 1063 4170 olim
1081 4129 1210 4171 coemeret.
1226 4122 1256 4172 B.
1270 4123 1299 4172 G.

267 4219 296 4280 7,
315 4222 354 4270 ts.
