3008 4920
728 406 770 468 47

231 609 263 671 in
287 606 402 671 Senatu
428 628 515 670 suam
537 627 608 670 cnm
632 605 742 669 Seiano
766 604 932 668 amicitiam
956 575 1110 680 defendit,
1136 603 1163 666 ei
1180 601 1262 687 apud

231 726 471 790 infensissimum
503 725 672 788 Seianianis
704 724 872 808 principem
904 746 967 787 non
991 723 1097 787 nocuit
1120 723 1172 786 sed
1196 744 1263 806 pro-

233 846 302 909 fuir.
339 844 385 908 VI
406 849 435 907 8.

278 964 406 1048 Egimus
429 962 467 1026 de
491 965 636 1044 παρρησία
660 965 692 1026 in
715 962 830 1026 Senatu
848 963 926 1026 etin
942 961 1148 1025 tribunalibus
1164 961 1264 1045 deque

233 1083 360 1166 privatis
392 1080 585 1146 sermonibus
593 1108 602 1158 3
635 1091 728 1144 restat
761 1090 794 1143 ut
825 1081 998 1157 videamuS,
1028 1087 1180 1163 quatenus
1202 1102 1264 1142 ear·

233 1200 313 1262 mirra
336 1207 367 1263 et
389 1199 482 1262 arelat
495 1199 614 1283 famosi
646 1199 827 1282 imperatori
856 1200 940 1262 iusto
964 1199 1063 1262 acrius
1087 1198 1179 1262 bilem
1202 1220 1265 1261 mo·

234 1319 341 1382 verint.
386 1316 558 1394 Locorum,
589 1318 649 1395 huc
681 1319 917 1402 pertinentium,
950 1339 1058 1402 agmen
1082 1317 1185 1394 ducit,
1210 1318 1264 1401 qui

235 1439 348 1522 legitur
379 1437 396 1499 Ι
421 1440 477 1502 72:
514 1439 604 1501 Haec
634 1458 745 1521 qaoque
778 1458 950 1521 asperavere
983 1436 1114 1500 carmina
1146 1430 1266 1500 incertis

235 1559 402 1622 aaawribus
421 1559 539 1637 rratpata
562 1558 593 1619 in
615 1557 768 1618 sarariam
791 1558 1011 1641 superbiamque
1033 1556 1096 1620 eius
1112 1562 1140 1618 et
1158 1556 1266 1620 dacor-

234 1679 297 1739 dere
320 1698 384 1740 aare
406 1681 498 1737 matre
520 1679 659 1737 animum.
683 1649 850 1736 'Nimirum
874 1673 1008 1757 asperari
1023 1672 1187 1749 conviciis,
1204 1672 1266 1735 siva

236 1817 288 1859 ore
312 1795 374 1858 sive
390 1794 461 1857 stilo
477 1795 615 1870 iactatis,
632 1793 801 1857 humanum
818 1802 880 1870 est,
896 1815 997 1877 neque
1013 1792 1088 1855 adeo
1105 1793 1249 1855 vitiosum
1257 1818 1267 1869 3

237 1914 264 1976 si
286 1913 383 1996 igitur
404 1913 668 1997 reprehensionem
695 1911 853 1975 continent
877 1911 952 1974 haec
973 1911 1081 1987 verba,
1098 1911 1270 1994 significent

238 2037 372 2114 oportet,
408 2052 477 2093 eum
501 2031 592 2093 nimis
616 2030 741 2112 indigne
765 2028 839 2092 talia
861 2028 968 2093 tulisse
996 2028 1143 2111 avideque
1170 2028 1268 2092 ultum

241 2172 314 2213 esse.
361 2150 426 2213 Iam
459 2171 529 2212 vero
561 2149 693 2233 primum
725 2148 818 2212 huius
849 2149 892 2211 rei
924 2147 1097 2232 exemplum
1126 2146 1211 2230 quod
1237 2147 1269 2210 in

243 2261 417 2333 Annalibus
435 2268 590 2345 caconit,
617 2268 694 2330 hanc
718 2268 921 2352 suspicionem
938 2288 1000 2330 non
1017 2267 1184 2329 confirmat.
1214 2264 1271 2328 Le·

244 2388 344 2472 gimns
382 2388 463 2451 enim
494 2385 540 2449 IV
572 2391 632 2450 31:
668 2387 722 2449 Hr‘r
751 2393 813 2449 tam
842 2386 972 2450 arridere
1007 2391 1122 2471 tamque
1154 2385 1270 2448 maestis

243 2509 357 2572 modica
387 2509 502 2571 laetitia
533 2508 702 2571 rapaciter
732 2509 810 2592 quod
838 2508 868 2569 0.
897 2506 1058 2570 Cominium
1081 2507 1118 2569 E.
1142 2506 1182 2569 It.
1200 2527 1272 2586 pro·

243 2627 319 2718 drorr‘
338 2627 368 2688 r'rz
391 2648 421 2688 re
444 2625 585 2709 carmania
607 2625 828 2700 capriatam,
847 2626 981 2687 Caesar
995 2623 1269 2709 prear'brafratrr'a,

243 2746 294 2830 qui
317 2747 438 2808 Senator
460 2751 539 2821 erat,
557 2744 749 2809 concessit.
781 2737 872 2807 Hunc
891 2765 981 2828 crgo,
1003 2764 1185 2826 quamquam
1203 2765 1274 2806 con-

244 2865 376 2941 victum,
408 2886 469 2927 non
504 2863 587 2927 ultus
616 2870 678 2942 est,
703 2863 756 2927 sed
787 2864 814 2926 ei
841 2862 968 2946 ignovit.
1015 2861 1081 2926 Nec
1108 2882 1178 2925 vero
1205 2862 1272 2925 reli·

243 3003 304 3064 qua
334 2981 471 3064 exempla
493 2980 540 3044 illi
563 2981 730 3065 suspicioni
754 2981 967 3066 suffragantur.
1014 2978 1094 3042 Nam
1117 2979 1271 3043 Mamerco

246 3099 375 3176 Scauro,
400 3100 508 3181 e'rrra'pnr'
526 3100 678 3164 robibitate
701 3100 755 3163 sed
778 3100 840 3162 ar'ta
856 3102 998 3181 probrare
1012 3121 1075 3162 non
1091 3108 1153 3162 tam
1170 3121 1274 3162 versus

246 3218 372 3301 quidam
396 3240 412 3281 e
439 3218 612 3302 tragoedia,
638 3241 729 3302 quam
761 3220 938 3302 scripserat,
968 3239 1059 3301 quam
1082 3218 1211 3282 colim
1234 3220 1277 3283 ad
1338 3220 1340 3225 ’

245 3339 338 3402 esitio
361 3340 514 3403 Macronis
538 3340 636 3404 odiam
653 3347 683 3402 et
699 3340 876 3404 adulteriora
890 3339 995 3402 Maiae
1010 3339 1088 3402 vitae
1103 3338 1274 3422 periculum

246 3464 468 3520 contraxerant.
483 3459 509 3541 ¹)
544 3459 590 3520 Ae
613 3458 726 3541 pariter
749 3479 820 3519 vera
843 3478 935 3520 eausa
957 3457 996 3521 ob
1020 3478 1113 3541 quam
1136 3456 1166 3521 S.
1183 3456 1276 3520 Paco-

244 3577 356 3640 nianus
379 3572 549 3661 praetorius
573 3577 604 3639 in
629 3598 747 3639 carcere
771 3576 980 3660 strangulatus
1003 3585 1050 3640 est
1072 3598 1135 3640 non
1150 3578 1276 3641 fuerunt

245 3696 378 3759 carmina
412 3696 443 3759 in
475 3696 642 3780 principem
675 3696 814 3759 factitata
844 3695 892 3758 vl
923 3699 984 3772 39,
1016 3697 1070 3760 sed
1102 3696 1185 3781 quod
1213 3719 1275 3780 per

244 3815 369 3894 illum,
402 3816 497 3881 airum
532 3819 690 3893 audacem,
725 3818 906 3900 maleficum,
938 3817 1066 3881 omnium
1095 3823 1206 3881 ramata
1236 3819 1275 3880 ri-

225 4082 228 4088 ’
279 4083 302 4142 1)
320 4081 353 4130 vv
366 4081 405 4130 ar.
424 4081 470 4130 uio
488 4082 553 4130 om.
573 4083 618 4139 as,
636 4083 668 4130 aa
685 4098 704 4130 a.
722 4083 739 4133 r.
757 4085 781 4133 a
796 4090 842 4148 μὴν
858 4087 896 4135 καὶ
913 4087 950 4134 aa
967 4085 1040 4151 aaa
1056 4089 1210 4154 namara,
1223 4085 1273 4136 an’

244 4181 273 4235 ὥς
289 4185 329 4239 τὴν
344 4180 460 4231 Διουὶλλαν
474 4188 639 4245 μμοιχιυκώς.
673 4179 740 4228 Suet.
758 4179 797 4228 ol.
