3008 4920
727 411 768 471 28

230 639 301 701 erga
332 617 547 680 Germanicum
582 618 740 680 voluntate
772 617 923 681 declarat:
956 623 1067 679 cuneta
1094 615 1209 680 Tiberii
1233 617 1263 679 in

230 737 364 801 deterius
396 738 499 801 trahit.
537 736 632 801 Vides
663 737 742 800 enim
775 760 831 801 nec
859 737 914 800 filii
938 737 1140 822 praesentiam
1165 758 1265 818 neque

104 926 118 951 ο
230 858 399 922 absentiam
422 851 525 942 *patris
542 858 772 922 commemorari
796 858 854 920 nisi
882 857 988 920 addita
1012 856 1143 941 quadam
1169 857 1266 939 suspi-

158 1060 161 1066 .
230 978 332 1053 cione,
363 999 399 1039 ex
432 999 494 1062 qua
518 985 661 1040 neutrum
686 976 875 1040 honestade
900 998 992 1038 causa
1016 976 1113 1059 egisse
1137 974 1265 1051 efficias;

231 1117 287 1158 nec
325 1103 427 1157 tamen
466 1095 717 1158 innocentissima
755 1116 864 1172 causa,
897 1094 1015 1158 scilicet
1045 1095 1266 1183 cuiuscumque

230 1212 347 1295 generis
378 1211 468 1274 ludos
499 1211 635 1276 moribus
668 1211 783 1276 Tiberii
815 1235 1018 1298 repugnasse,
1053 1212 1144 1297 longe
1167 1213 1267 1275 fuerat

230 1331 421 1414 quaerenda,
454 1333 529 1418 quin
561 1355 622 1396 non
654 1334 748 1398 latuit
774 1335 875 1418 ipsum
905 1334 1064 1410 Tacitum,
1095 1335 1148 1416 qni
1172 1333 1209 1395 de
1233 1355 1266 1396 re

231 1474 355 1536 prorsus
386 1452 497 1530 simili,
530 1453 568 1517 de
600 1454 785 1518 histrionum
817 1454 917 1533 ludis,
949 1455 993 1518 ita
1023 1453 1129 1517 scribit
1152 1475 1176 1517 c.
1201 1456 1264 1515 52:

231 1571 337 1655 Neque
363 1579 517 1654 Aequales
540 1574 714 1636 abhorrebat
738 1574 853 1635 talibus
879 1573 993 1636 atrediia
1016 1580 1044 1634 et
1068 1571 1160 1634 ciuile
1182 1572 1265 1633 reba-

230 1697 281 1751 tur
311 1689 430 1752 misceri
464 1690 672 1773 voluptatibus
704 1692 797 1773 culpi.
844 1692 932 1753 ntia
967 1691 1109 1753 Tiberio
1141 1712 1264 1752 meram

231 1779 297 1871 irie.
345 1809 414 1870 Sed
436 1810 605 1892 populum
628 1833 692 1890 per
716 1819 768 1873 tet
793 1830 904 1872 ennea
926 1809 1086 1872 molliter
1106 1810 1266 1871 habitum

232 1931 380 1992 nendum
412 1932 566 1994 cedebat
597 1934 643 1994 ad
674 1935 824 1994 {latiore
854 1939 1002 1995 vertere.
1049 1929 1134 2009 Quid
1166 1929 1198 1993 in
1230 1951 1266 1993 eo

232 2049 485 2133 vituperandum,
510 2050 569 2114 nisi
593 2051 675 2134 quod
702 2051 845 2136 prudenti
869 2050 1046 2134 imperatori
1070 2070 1169 2114 mores
1192 2070 1267 2112 non·

232 2193 400 2253 numquam
425 2170 463 2234 ad
488 2172 574 2256 vulgi
598 2173 701 2237 studia
725 2174 910 2237 informandi
934 2173 1027 2237 sunt?

278 2289 337 2354 Sed
361 2291 443 2355 dicat
466 2292 595 2376 aliquis:
621 2293 746 2356 Tacitus
770 2294 848 2356 nihil
868 2293 1078 2377 reprehendit,
1096 2293 1187 2355 refert
1203 2301 1267 2354 tan·

234 2419 300 2473 tum
333 2409 462 2474 aliorum
495 2412 722 2495 explicationes.
758 2412 809 2476 Sic
839 2435 911 2476 sane
935 2412 1072 2488 videtur;
1097 2433 1200 2474 verum
1225 2419 1267 2473 at·

234 2528 340 2607 tende,
366 2553 495 2614 quaeso,
529 2531 609 2595 hanc
631 2533 908 2615 frequentissimam
933 2532 999 2595 eius
1024 2531 1188 2607 rationem,
1214 2529 1268 2593 ubi

233 2671 318 2711 mens
350 2671 384 2712 ac
416 2650 557 2714 voluntas
591 2650 705 2716 Tiberii
736 2674 860 2734 quaqua
890 2652 923 2714 in
955 2673 986 2714 re
1013 2649 1187 2733 indaganda
1210 2656 1265 2714 est.

233 2766 364 2831 Enarrat
388 2791 468 2846 rem;
493 2770 614 2854 quaerit
639 2791 693 2833 cur
717 2771 761 2833 sic
784 2772 891 2854 egerit.
938 2770 1005 2832 Iam
1021 2776 1176 2853 exspectas
1198 2790 1266 2851 pru·

234 2886 309 2950 dens
337 2889 505 2952 acutissimi
533 2890 689 2974 scriptoris
712 2891 880 2967 indicium3
905 2891 1027 2953 frustra.
1075 2887 1179 2952 Refert
1202 2897 1268 2951 tan-

233 3013 299 3069 tum
332 3005 461 3070 aliorum
493 3009 681 3092 suspiciones
711 3008 804 3092 vulgo
836 3031 943 3093 parum
968 3008 1166 3084 honorificas,
1191 3029 1267 3089 quas

232 3125 385 3189 rarissime
409 3127 595 3192 examinatas
627 3130 657 3191 in
690 3129 819 3193 dubium
853 3137 940 3193 vocat
972 3128 1031 3210 (uti
1062 3128 1093 3190 in
1118 3150 1184 3211 sqq.
1210 3147 1265 3186 erra

232 3246 406 3308 crediderim
435 3255 511 3324 etc.;
544 3247 596 3311 ΙΙΙ
623 3251 692 3334 16),
731 3250 827 3312 rarius
856 3250 948 3312 etiam
982 3248 1110 3325 refutat,
1143 3247 1190 3309 nti
1218 3244 1265 3308 IV

239 3365 287 3427 ll.
323 3364 510 3448 Plerumque
532 3367 729 3451 gravissimae
751 3389 890 3452 quaeque
913 3341 1039 3430 manent
1057 3366 1264 3441 indubitatae,

233 3483 307 3547 dum
341 3493 405 3548 tota
434 3487 569 3549 narratio
600 3488 645 3551 ita
676 3489 870 3571 componitur
902 3493 951 3562 ut,
977 3486 1052 3570 quid
1080 3485 1203 3549 Tacitus
1226 3485 1267 3548 sit

233 3613 334 3681 ratus,
366 3605 454 3668 facile
484 3606 691 3690 intelligatur,
719 3616 816 3689 utque
844 3607 939 3669 lector
961 3605 992 3670 in
1018 3606 1192 3690 opinionem
1216 3603 1266 3666 ad·

233 3724 378 3801 ducatur,
407 3724 486 3788 nulli
512 3747 574 3789 non
606 3726 757 3809 flagitioso
786 3726 943 3810 proposito
974 3748 1076 3810 parem
1101 3725 1194 3788 fuisse
1216 3723 1266 3785 Ti·

233 3841 359 3906 berium.
378 3845 403 3930 ¹)
439 3844 672 3909 Confirmabunt
696 3845 769 3909 haec
793 3867 872 3929 quae
896 3845 1086 3909 monebimus
1111 3844 1147 3907 ad
1169 3865 1195 3907 c.
1222 3832 1263 3904 80

232 3961 332 4026 1143
357 3985 422 4047 sqq.
447 3965 484 4029 cf.
508 3964 554 4028 lv
580 3968 631 4030 57.
654 3964 706 4029 ΙΙΙ
731 3968 782 4029 64.

266 4204 289 4261 l)
307 4204 448 4258 Rectissime
470 4208 585 4257 Merivale
607 4208 707 4273 History
732 4208 760 4258 of
781 4206 823 4259 the
846 4206 916 4254 Rom.
943 4205 1018 4255 under
1040 4204 1080 4253 the
1098 4203 1211 4268 llmpire,
1229 4203 1266 4253 ed.
