3008 4920
738 415 779 476 69

244 621 342 682 vicum
366 621 488 698 saepius
511 621 590 682 inter
616 642 722 682 merrus
749 620 873 683 Pisonis
897 620 1081 696 libellum,
1109 642 1193 704 quem
1216 620 1282 702 ipre

241 760 298 800 oon
327 741 517 821 oolpeoerit;
542 743 596 802 sed
616 742 728 802 emices
750 740 816 802 eine
835 740 1042 814 dictitauieee,
1061 741 1201 804 literas
1225 743 1280 803 rr·-

241 860 340 922 berie'
369 866 406 921 et
435 863 616 923 mundato
646 861 684 922 ire
721 862 980 924 Germanicum
1012 863 1216 937 contineri,
1245 884 1282 925 cc

243 981 427 1042 destinatum
448 1002 583 1062 promere
607 983 691 1063 opud
712 981 841 1058 Patres,
871 982 904 1043 rei
926 982 1029 1043 eluces
1051 1003 1071 1043 c
1096 983 1205 1044 Seiano
1223 1004 1282 1065 per

240 1121 321 1162 ricrre
344 1101 490 1181 promisco
508 1100 609 1180 foret,·
634 1122 687 1164 aec
709 1101 797 1162 illum
814 1108 945 1183 sponte
967 1103 1159 1177 restinctum,
1178 1122 1279 1164 oerum

238 1219 401 1282 immisso
429 1242 659 1298 percussore.
709 1223 865 1289 Quorum
889 1228 1057 1282 neutrum
1082 1222 1279 1282 adsevere-

239 1341 375 1403 ocrim:
401 1361 494 1422 neque
517 1346 614 1400 tornea
641 1338 773 1402 occulere
796 1341 884 1401 debui
908 1346 1066 1401 corrutone
1089 1340 1125 1400 ab
1150 1339 1207 1410 iis,
1223 1339 1276 1422 qui

239 1465 369 1520 nostrum
394 1461 437 1520 ed
458 1460 641 1521 iuuentutem
666 1461 860 1521 decreuerunt.
895 1457 933 1521 ln
958 1459 996 1521 iis
1016 1481 1087 1523 vero
1107 1457 1273 1536 codicillis,

240 1577 295 1660 qui
317 1600 335 1640 a
358 1576 469 1641 liberto
499 1577 636 1642 Pisonis
652 1600 723 1641 mox
754 1578 867 1662 prolati
899 1586 929 1641 et
958 1579 991 1641 in
1015 1577 1130 1642 Senatu
1153 1577 1272 1642 recitati

239 1705 330 1774 sunt,
364 1696 443 1760 nihil
475 1705 539 1760 erat
568 1697 606 1761 de
628 1698 741 1762 Tiberii
765 1699 863 1762 literis
887 1706 941 1762 aut
967 1699 1137 1776 mandatis,
1162 1698 1272 1763 sedin
1361 1705 1363 1708 ⁴

239 1815 287 1878 his
318 1838 388 1879 reus
419 1817 624 1880 innocentiam
654 1839 740 1881 suam
773 1816 973 1901 profitebatur
1004 1824 1034 1880 et
1064 1816 1120 1881 filii
1146 1816 1273 1901 rogabat

240 1933 381 1998 salutem.
429 1935 522 1999 Hunc
553 1934 652 1998 filium
682 1934 823 1999 Tiberius
856 1937 981 2000 crimine
1012 1937 1164 2020 purgavit.
1211 1935 1270 2000 Pro

242 2053 406 2133 Plancina,
431 2055 552 2120 Pisonis
581 2078 676 2120 uxore
706 2056 938 2140 facinorumque
962 2057 1059 2134 socia,
1085 2079 1162 2141 quae
1186 2078 1272 2120 suam

239 2199 257 2239 a
272 2174 375 2238 mariti
390 2197 481 2239 causa
502 2182 727 2259 segregaverat,
745 2176 886 2260 princeps
901 2198 966 2239 cum
978 2179 1092 2263 pudore
1107 2184 1136 2239 et
1146 2177 1273 2260 jiopitr'o

237 2298 399 2366 disceruit,
421 2297 529 2357 metris
548 2316 653 2376 preces
675 2296 843 2359 obtenderes.
864 2331 910 2343 -
933 2294 1075 2377 Denique
1099 2316 1214 2377 poena,
1238 2294 1271 2358 in

239 2417 381 2480 Pisonem
406 2439 423 2480 a
447 2416 645 2481 Senatoribus
668 2424 792 2500 rogate,
817 2417 850 2479 in
872 2415 979 2480 multis
995 2438 1013 2478 a
1028 2415 1166 2500 principe
1188 2416 1272 2479 miti·

238 2545 309 2621 gata
332 2538 476 2621 est,'qui
500 2537 537 2601 ab
561 2537 656 2600 altera
679 2543 765 2621 parte
789 2544 897 2600 auctor
912 2536 973 2599 fuit
989 2534 1116 2600 Senatui
1131 2557 1269 2600 remune-

237 2655 326 2719 randi
346 2664 537 2720 accusatores
561 2655 738 2739 Vitellium,
764 2655 951 2733 Veranium,
976 2639 1149 2720 Servaeum.
1173 2677 1200 2720 c.
1220 2657 1270 2720 18.

282 2773 387 2838 Retuli
411 2776 566 2859 scriptoris
589 2776 794 2839 narrationem
819 2797 912 2860 quam
934 2774 1091 2839 fidissime.
1134 2775 1270 2859 Apparet

236 2911 306 2957 eum
334 2917 381 2958 res
404 2904 504 2979 gestas
531 2903 560 2960 et
583 2897 742 2960 interitum
768 2897 942 2961 Germanioi
964 2896 1176 2980 iudiciumque
1198 2895 1271 2960 inde

235 3021 376 3100 secutum
399 3015 444 3079 ita
466 3015 647 3093 tradidisse,
672 3023 707 3078 ut
731 3015 772 3079 sit
795 3016 942 3079 continua
965 3014 1119 3078 accusatio
1138 3012 1269 3091 Tiberii,

236 3155 355 3197 summa
386 3140 450 3197 arte
481 3133 619 3197 confecta
642 3141 672 3197 et
695 3158 713 3198 a
734 3134 900 3199 levioribus
930 3124 1042 3196 sensim
1067 3131 1106 3195 ad
1130 3132 1269 3216 graviora

236 3253 450 3336 progrediens,
484 3275 545 3336 qua
574 3255 605 3317 id
631 3254 758 3338 probare
781 3253 901 3318 studet:
925 3252 1139 3336 imperatorem
1165 3256 1267 3328 metu,

232 3369 368 3448 invidia,
405 3371 476 3434 odio
511 3371 657 3460 ductum,
691 3396 709 3436 a
740 3393 801 3457 quo
833 3371 904 3435 inde
939 3378 1074 3455 tempore
1105 3369 1267 3454 imperium

217 3483 364 3574 'adeptus
388 3489 445 3567 sit,
470 3512 566 3554 unum
582 3491 648 3555 ¹boc
672 3492 787 3575 egisse,
811 3498 847 3555 ut
870 3491 971 3554 fratris
993 3489 1090 3554 filium
1114 3509 1267 3572 suumque

235 3632 290 3694 per
313 3609 527 3694 adoptionem,
552 3634 570 3674 a
593 3613 688 3675 suetis
712 3611 885 3696 legionibus
909 3610 1082 3674 demoveret
1105 3616 1136 3673 et
1157 3609 1191 3671 in
1207 3607 1267 3671 alia

189 3775 192 3782 ‚
233 3730 354 3816 imperii
376 3740 479 3816 parte,
504 3733 688 3797 destitutum
712 3732 922 3798 defensoribus
947 3740 978 3797 et
1001 3732 1120 3809 amicis,
1145 3721 1265 3795 insidiis

233 3852 464 3917 circumveniret
495 3876 530 3917 ac
562 3853 715 3938 perderet:
748 3861 778 3917 et
811 3852 969 3917 Tiberium
1000 3852 1032 3916 id
1063 3861 1127 3916 tam
1155 3850 1264 3915 callide

232 3964 410 4055 perfecisse,
436 3979 470 4036 ut
494 3995 616 4038 omnem
640 3996 657 4037 a
680 3997 712 4038 se
735 3974 857 4059 culpam
873 3974 907 4038 in
923 3973 1003 4059 alios
1019 3959 1178 4037 devolvere
1195 3994 1264 4056 pos·

232 4105 288 4154 set.
324 4091 462 4156 Dubium
486 4115 550 4157 esse
573 4094 698 4177 nequit,
724 4095 799 4179 quin
823 4093 923 4157 Taciti
946 4094 1019 4157 haec
1040 4092 1133 4156 fuerit
1155 4092 1264 4156 intima
1300 4177 1305 4185 ι

232 4211 325 4274 animi
357 4213 523 4296 persuasio.
560 4212 618 4278 Sed
652 4214 796 4278 eademne
818 4220 923 4278 nostra
950 4215 991 4277 sit
1018 4212 1160 4298 oportet?
1190 4210 1262 4276 Nou
1286 4245 1293 4253 ·
