3008 4920
778 418 797 477 2
904 393 905 399 r

267 621 371 685 Germ.
397 624 458 698 28,
482 619 517 684 Τ.
543 618 666 683 Livium
692 619 796 703 Agrio.
818 621 867 683 10.
898 617 1078 682 Ceterorum
1095 640 1228 702 quorum
1252 643 1306 684 no·

266 741 349 840 mina
370 741 403 803 in
427 741 493 805 eius
518 741 662 825 operibus
685 741 833 824 leguntur
857 739 1065 804 —Sallustii
1093 742 1131 804 A.
1161 740 1213 805 ΙΙΙ
1241 744 1282 805 30
1294 791 1304 821 ,

267 869 297 926 et
328 885 405 947 quos
436 861 610 926 Cremutius
642 861 760 926 Cordus
791 863 823 927 in
848 863 1008 927 notissima
1031 864 1168 927 oratione
1192 864 1302 929 citasse

266 981 397 1058 dicitur,
421 1003 530 1065 nempe
551 980 591 1065 Τζ
607 979 748 1058 Livium,
765 982 818 1044 As.
836 980 1026 1056 Pollionem,
1044 981 1209 1044 Messalam
1232 979 1303 1044 Cor-

152 1140 153 1144 =
265 1101 391 1178 vinum,
439 1099 596 1164 Ciceronis
636 1099 784 1163 Catonem
824 1099 1025 1183 Caesarisque
1063 1100 1301 1174 Anticatonem,

266 1221 396 1284 Antonii
426 1220 586 1305 epistolas,
618 1220 709 1283 Bruti
740 1221 918 1298 conciones,
957 1219 1100 1283 Bibaculi
1124 1218 1301 1303 Catullique

266 1341 399 1405 carmina
430 1339 476 1404 IV
513 1343 573 1417 34,
611 1339 681 1403 dein
709 1340 744 1404 P.
770 1339 880 1403 Rutilii
904 1346 935 1403 et
958 1338 1064 1403 Scauri
1089 1340 1142 1424 qui
1172 1350 1208 1403 ut
1238 1361 1305 1403 sua·

265 1483 351 1538 rum,
384 1460 513 1524 Aruleni
537 1459 658 1522 Rustici
681 1468 711 1524 et
734 1459 911 1523 Senecionis
936 1460 991 1544 qui
1014 1467 1050 1523 ut
1074 1460 1202 1524 aliorum
1230 1460 1305 1524 vita·

265 1601 334 1642 rum
365 1579 527 1663 scriptores
556 1585 765 1641 memorantur
793 1579 826 1642 in
858 1579 961 1662 Agric.
998 1583 1032 1655 l,
1067 1583 1085 1641 2
1118 1617 1162 1626 -
1194 1579 1303 1643 horum

266 1719 451 1782 quamquam
475 1698 589 1783 scripta
612 1698 791 1782 cognovisse
816 1699 935 1783 potuit,
960 1707 1062 1762 tamen
1079 1721 1140 1763 non
1157 1706 1304 1782 tauquam

266 1818 399 1882 sontium
422 1817 476 1881 sed
499 1818 559 1881 alia
582 1817 620 1882 de
644 1840 736 1882 causa
759 1819 1008 1882 commemoratio
1031 1818 1112 1882 sacta
1136 1827 1191 1882 est.
1283 1891 1286 1895 ,

310 1937 435 2001 Praeter
457 1937 526 2000 illos
552 1946 672 2015 autem,
698 1936 889 2022 reliquorum
905 1961 1001 2002 rerum
1016 1941 1210 2021 scriptorum,
1228 1960 1305 2021 quos

267 2058 436 2143 permultos
468 2080 499 2121 se
532 2057 723 2122 consuluisse
751 2057 821 2142 plus
845 2058 939 2121 semel
963 2057 1116 2136 ostendit,
1133 2060 1156 2142 ¹)
1181 2058 1306 2122 nomina

266 2177 406 2255 reticuit,
431 2177 494 2240 sive
517 2176 690 2239 incuriosus
714 2176 774 2239 fuit
797 2175 867 2261 quis
891 2175 967 2260 quid
991 2176 1120 2254 dixerit,
1137 2175 1305 2240 dummodo

265 2320 328 2362 rem
355 2306 437 2361 recte
471 2298 614 2373 referret,
651 2297 728 2373 sive,
766 2305 801 2359 ut
832 2296 997 2360 Meierotto
1025 2298 1216 2381 suspicatur,
1242 2319 1303 2360 non

265 2438 448 2501 magnopere
472 2415 596 2480 illorum
620 2416 768 2478 rationem
786 2414 957 2478 habendam
975 2437 1040 2479 esse
1055 2417 1190 2493 censuit,
1210 2438 1304 2500 quan·

265 2536 431 2619 doquidem
463 2536 681 2621 plerorumque
711 2535 773 2598 veri
798 2535 937 2599 studium
961 2535 1043 2599 haud
1067 2537 1170 2620 magni
1195 2558 1304 2620 pepen-

265 2656 346 2719 disse
371 2655 507 2732 videtur,
534 2663 569 2718 ut
592 2676 662 2717 mox
687 2653 874 2718 docebimus.

310 2774 369 2838 Sed
405 2782 524 2858 praeter
559 2782 699 2837 auctores
734 2774 762 2836 ei
794 2781 915 2858 praesto
947 2773 1075 2837 fuerunt
1105 2783 1304 2838 monumenta

266 2895 398 2980 publica.
446 2895 493 2957 Ex
517 2894 564 2958 his
589 2894 742 2958 afferenda
765 2903 838 2959 sunt

309 3015 406 3078 Fasti.
443 3013 509 3077 Hos
538 3014 646 3076 merito
670 3036 793 3077 censeas
816 3014 895 3077 nihil
919 3015 1123 3093 continuisse,
1149 3014 1233 3098 quod
1250 3014 1305 3078 ali-

266 3133 347 3197 unde
378 3156 441 3197 non
469 3134 529 3196 iam
564 3140 628 3196 erat
657 3133 853 3196 notissimum
861 3159 870 3210 ς
895 3134 1063 3217 inspexisse
1088 3155 1139 3197 eos
1162 3133 1303 3196 Tacitum

265 3274 451 3336 quamquam
476 3251 640 3316 verisimile
664 3258 726 3334 est,
752 3260 854 3315 tamen
878 3252 938 3315 loci
957 3251 1010 3316 ubi
1027 3261 1304 3317 commemorantur

264 3395 326 3437 non
350 3374 482 3459 probant
500 3377 535 3438 A.
554 3375 570 3438 I
590 3378 628 3438 15
638 3423 648 3453 ,
665 3373 718 3438 ΙΙΙ
737 3378 787 3440 17.
823 3375 886 3438 Eos
902 3397 1134 3460 nonnumquam
1151 3374 1302 3438 sublestae

264 3493 336 3556 fidei
366 3493 459 3556 fuisse
490 3501 616 3578 apparet
648 3515 685 3555 ex
715 3493 796 3557 Hist.
829 3493 873 3556 IV
909 3496 973 3557 40:
1009 3494 1088 3557 Tum
1112 3502 1193 3557 sorte
1218 3494 1304 3557 ducti

270 3616 308 3697 (a.
334 3637 364 3698 p.
389 3612 425 3677 C.
452 3616 504 3696 70)
519 3661 526 3678 .
541 3661 570 3678 ..
600 3614 654 3698 qui
673 3614 772 3698 fastor
795 3615 966 3690 adulatione
989 3623 1148 3697 temporum
1163 3616 1305 3701 foedatos

268 3741 478 3798 exonerarent.

301 4041 325 4099 1)
343 4042 372 4090 Δ.
400 4042 410 4090 1
437 4043 465 4101 l,
487 4042 532 4101 80,
555 4044 595 4094 81.
618 4044 645 4092 11
667 4045 699 4092 88
720 4044 875 4100 (Graecorum
899 4043 1119 4106 annales).1118.
1141 4045 1174 4093 tv
1193 4045 1241 4104 10,
1259 4045 1305 4104 82,

268 4141 314 4198 te,
331 4140 371 4189 ot.
390 4141 411 4189 V
430 4145 459 4200 4,
478 4142 502 4192 9.
521 4143 552 4191 Vl
571 4143 585 4194 7
605 4144 645 4194 28.
665 4144 728 4193 Hist.
746 4144 828 4203 11³7,
846 4144 892 4203 49,
912 4144 1022 4194 101.111
1041 4143 1084 4202 22,
1104 4143 1147 4202 tl,
1165 4146 1204 4193 tt.
1217 4143 1251 4192 lv
1264 4143 1303 4193 83.

265 4233 288 4283 V
306 4234 335 4296 Β,
353 4234 377 4286 0.
