3008 4920
738 459 757 516 3

276 626 349 722 Aeta
370 659 478 723 diurna
501 659 536 723 P.
561 658 597 724 R.
622 661 685 723 sive
709 658 843 743 publica.
895 660 951 723 His
974 659 1068 723 fontis
1091 659 1159 722 loco
1176 682 1266 723 usum

231 801 296 842 esse
318 786 459 843 nostrum
483 780 616 864 probant
636 781 672 844 A.
697 779 749 842 III
773 782 811 843 3:
836 788 986 857 „matrem
1011 779 1179 842 Antoniam
1205 800 1267 841 non

230 899 313 984 apud
345 907 484 964 auctores
516 922 634 978 rerum,
659 922 721 964 non
745 901 852 963 diurna
877 905 1006 963 uotorum
1029 899 1178 981 scripturo
1201 899 1267 962 ullo

230 1020 344 1104 insigni
368 1019 467 1084 officio
490 1021 667 1097 functam,”
690 1028 721 1083 et
744 1019 809 1083 XII
835 1024 894 1083 24:
916 1042 1018 1104 „quos
1038 1027 1105 1083 tum
1118 1019 1268 1082 Claudius

232 1139 377 1204 terminos
413 1140 585 1224 (pomoerii)
621 1139 775 1224 posuerit,
805 1139 895 1202 facile
924 1139 1051 1223 cognitu
1083 1146 1114 1203 et
1139 1138 1270 1220 publicis

231 1263 306 1325 artie
330 1262 565 1348 perscriptum.''
596 1264 742 1326 Attamen
759 1262 921 1326 annalibus
937 1262 1065 1325 inferius
1082 1261 1266 1345 scriptorum

231 1405 328 1467 genus
348 1382 537 1447 denotantur
560 1382 643 1446 XIII
668 1386 727 1446 31:
752 1405 846 1461 „oum
866 1405 903 1447 ex
923 1383 1075 1467 dignitate
1088 1381 1196 1466 populi
1212 1380 1270 1445 Ro·

231 1503 313 1566 mani
345 1510 501 1587 repertum
532 1503 573 1566 sit
604 1525 650 1566 res
682 1503 818 1566 illustres
850 1502 1030 1580 annalibus,
1055 1501 1130 1566 talia
1152 1502 1270 1566 diurnis

158 1598 160 1602 Ι
232 1623 312 1685 ordia
343 1623 419 1687 actis
446 1622 600 1686 mandare.
648 1622 751 1702 Quam
781 1623 842 1686 late
870 1622 1005 1707 patuerit
1029 1644 1135 1686 eorum
1160 1623 1269 1685 notitia

231 1762 391 1805 monemur
415 1740 486 1805 XVI
511 1745 564 1806 22.
612 1741 756 1806 Ceterum
779 1742 817 1806 de
840 1742 887 1806 bis
910 1742 1082 1807 subscribas
1099 1743 1268 1806 Meierottii

232 1862 401 1925 sententiae
417 1884 447 1946 p.
466 1863 519 1924 13:
537 1884 659 1947 „neque
676 1862 759 1945 quod
773 1862 936 1926 honestum
950 1884 1092 1926 verumve
1104 1870 1183 1926 esset
1195 1862 1267 1925 inde

230 1980 401 2059 „disceres‚
425 2003 530 2045 verum
546 1981 643 2046 solum
663 1982 746 2066 quod
762 1982 967 2046 necessarium
984 1987 1015 2046 et
1030 1989 1133 2045 tutum
1152 1981 1268 2046 diotu.”

278 2102 354 2163 Acta
384 2100 506 2164 Senatus
538 2122 613 2163 num
641 2099 765 2164 Tacitus
790 2101 900 2165 viderit
924 2103 1050 2165 fuerunt
1074 2102 1128 2185 qui
1150 2101 1269 2165 dubita-

232 2225 317 2295 rent,
343 2220 487 2302 quoniam
511 2242 547 2283 ex
571 2221 707 2305 Augusti
731 2221 872 2299 decreto,
897 2220 981 2285 Suet.
1007 2222 1039 2285 in
1064 2244 1091 2285 v.
1118 2224 1178 2299 36,
1203 2243 1265 2285 non

232 2336 363 2422 amplius
392 2339 649 2425 divulgabantur,
681 2364 737 2404 nec
770 2341 829 2404 uisi
853 2364 907 2425 per
931 2343 1117 2425 praefectum
1141 2343 1210 2406 urbi
1235 2364 1270 2406 ca

231 2459 413 2543 inspiciendi
437 2461 524 2544 copia
547 2460 678 2524 dabatur
697 2461 746 2544 (of.
772 2461 868 2546 Pauly
885 2461 921 2525 R.
936 2440 1060 2547 Encyol.
1075 2463 1122 2526 ed.
1137 2466 1155 2525 2
1169 2464 1202 2526 in
1214 2466 1269 2548 v.).

232 2576 339 2658 Quum
362 2601 433 2643 vero
465 2603 526 2643 uon
558 2588 636 2644 esset
667 2602 722 2643 eur
748 2581 805 2645 sub
830 2580 932 2645 Nerva
956 2589 986 2646 et
1009 2582 1139 2646 Traiano
1162 2582 1269 2647 Tacito
1288 2602 1314 2655 '.

231 2698 286 2762 illa
313 2701 402 2764 venia
433 2709 611 2786 negaretur,
645 2724 723 2785 quae
754 2711 860 2786 postea
892 2703 960 2766 aliis
985 2724 1108 2787 quoque
1132 2704 1271 2789 praebita

233 2826 296 2896 est,
312 2820 335 2904 1)
367 2842 403 2884 ae
433 2820 582 2885 disertum
607 2821 699 2886 hocce
728 2823 793 2885 eius
818 2830 916 2887 exstet
940 2824 1148 2887 testimonium
1173 2825 1205 2887 in
1232 2827 1269 2888 A.

233 2942 293 3006 XV
319 2945 360 3008 74
383 2942 496 3024 reperio
520 2947 553 3006 ia
577 2943 794 3006 Commentariis
810 2943 948 3021 Senatus,
971 2944 1053 3007 haud
1071 2944 1133 3007 scio
1150 2966 1188 3007 an
1205 2944 1271 3007 illo-

233 3085 302 3126 rum
326 3062 478 3128 dubitatio
501 3085 564 3127 non
581 3063 771 3127 admittenda
787 3063 934 3128 videatur.
970 3066 1012 3127 At
1036 3087 1108 3128 vero
1125 3087 1194 3129 eum
1210 3065 1270 3128 ista

232 3182 381 3246 evolvisse
414 3183 486 3246 binc
514 3204 638 3267 quoque
661 3182 761 3266 palam
785 3184 837 3260 fit,
863 3182 946 3266 quod
970 3204 1041 3246 eum
1064 3182 1179 3247 Tiberii
1202 3193 1268 3247 tum

233 3300 361 3367 aliorum
396 3303 429 3366 in
460 3301 576 3366 Senatu
608 3302 728 3366 habitas
760 3303 912 3366 orationes
943 3303 987 3366 ita
1010 3303 1132 3380 retulit,
1157 3304 1271 3388 utqui

232 3445 294 3487 non
327 3445 364 3487 ex
395 3424 524 3488 aliorum
557 3425 705 3488 relatione
728 3424 776 3487 vel
800 3447 836 3488 ex
860 3423 1038 3508 fragmentis
1062 3425 1093 3487 in
1118 3425 1193 3487 actis
1217 3447 1271 3508 pu-

234 3543 321 3608 blicis
346 3568 380 3608 ea
403 3546 599 3630 cognoverit,
623 3544 677 3609 sed
701 3545 766 3628 ipse
789 3566 882 3608 manu
906 3545 1026 3608 triverit
1042 3567 1076 3608 ac
1095 3568 1151 3630 pro
1168 3545 1271 3610 lubitu

235 3687 271 3729 ex
303 3666 340 3729 iis
371 3668 563 3751 excerpserit.
611 3667 651 3730 Et
682 3668 870 3751 apertissime
902 3667 1026 3752 quidem
1058 3667 1090 3730 id
1113 3674 1274 3731 testantur

234 3781 268 3846 bi
299 3783 374 3861 loci,
409 3786 447 3849 A.
480 3785 496 3848 I
529 3788 586 3850 Sl:
619 3785 657 3850 de
690 3787 822 3850 comitiis
849 3786 1081 3865 consularibus,
1107 3808 1184 3870 quae
1208 3795 1275 3852 tum

273 4088 297 4149 1)
315 4087 385 4153 Quod
403 4088 431 4136 de
449 4105 473 4137 sc
491 4089 596 4138 affirmat
615 4088 730 4153 Voplscus
747 4087 772 4138 lu
792 4106 813 4138 v.
831 4087 904 4138 Probi
917 4088 946 4147 2,
958 4088 996 4138 cui
1007 4089 1037 4138 ad
1049 4089 1171 4138 Aureliani
1184 4105 1278 4154 quoque

241 4184 315 4235 vitam
341 4185 536 4235 conscribendam
564 4190 594 4249 (c.
620 4186 644 4246 Ι)
670 4186 736 4234 iussu
761 4185 876 4250 praefecti
900 4186 954 4234 urbi
980 4186 1137 4235 bibliothecae
1162 4186 1279 4251 Ulpianae

240 4284 402 4350 aliarumque,
420 4284 445 4333 iu
464 4284 550 4348 quibus
567 4301 594 4333 ea
610 4285 807 4344 asservabantur,
827 4284 931 4334 subsidia
949 4285 1075 4334 commissa
1093 4288 1157 4335 suut.

1113 4383 1160 4442 1*
