3008 4920
725 400 807 493 eo*

232 614 390 670 accusatus
423 616 486 683 est,
515 607 568 690 qni
592 605 669 668 adiit
692 604 852 682 Trionem,
877 605 1042 683 Senatum,
1064 607 1265 690 omniumque

234 724 379 788 ultimum
408 716 576 788 Tiberium.
616 723 726 806 Itaque
750 746 785 787 ex
812 724 954 805 omnibus
978 723 1037 786 fide
1061 724 1163 809 dignis
1186 724 1265 788 indi·

233 845 288 907 ciis
313 852 439 928 apparet
460 842 611 907 Libonem
635 865 697 906 non
713 843 860 926 principi,
878 842 931 907 sed
948 864 1021 906 suae
1037 843 1264 926 imprudentiae

233 963 361 1026 exitium
386 962 542 1039 debuisse,
568 961 789 1026 et‘claudicare
804 960 903 1024 Taciti
920 961 1172 1046 descriptionem,
1191 964 1265 1046 quia

232 1106 386 1167 nusquam
409 1106 471 1148 uon
495 1083 578 1147 videt
597 1082 841 1159 simulationem,
867 1104 959 1168 quum
982 1083 1133 1166 imprimis
1149 1082 1264 1147 Tiberii

231 1202 330 1265 indoli
353 1202 506 1286 propriam
530 1202 624 1265 fnisse
648 1201 707 1265 sibi
731 1200 897 1284 aliquando
913 1201 1073 1285 persuasit.
1109 1201 1176 1265 Iam
1193 1201 1262 1265 vide

233 1328 349 1405 quanta
371 1330 436 1384 arte
459 1320 586 1384 affectus
610 1320 717 1384 lectori
737 1326 874 1396 moveat,
892 1327 922 1383 et
939 1319 1066 1396 mirare,
1085 1319 1178 1384 simul
1194 1343 1265 1384 vero

233 1463 305 1505 cave
337 1440 445 1504 Musae
476 1440 559 1504 illius
592 1440 691 1504 Πειθώ.
724 1461 749 1503 o.
775 1441 832 1502 29:
866 1440 924 1503 nte
947 1440 1069 1503 Secutae
1092 1441 1265 1524 (primoque

233 1580 343 1622 causae
372 1559 511 1642 actionis)
543 1559 615 1622 uto
646 1565 722 1621 metu
750 1563 779 1620 et
802 1557 984 1638 aeqeitudiue
997 1559 1103 1643 fereae
1124 1559 1200 1622 sine
1222 1559 1266 1622 si·

235 1679 373 1741 mutato
396 1678 513 1740 morbo
531 1677 566 1760 (Ι)
588 1677 691 1742 lectica
706 1679 820 1740 deletus
835 1676 970 1758 adfores
985 1681 1085 1739 carice
1099 1676 1266 1760 innisusque

233 1795 328 1867 fratri
352 1802 380 1858 et
403 1816 505 1857 manus
528 1818 563 1858 ac
585 1794 828 1876 appetentiores
851 1796 894 1857 ad
907 1794 1050 1856 Tibernene
1066 1797 1194 1870 tendens,
1212 1795 1265 1858 im·

233 1923 307 1980 moto
337 1919 399 1979 eius
426 1917 508 1978 uultu
530 1916 683 1996 eeclpitur.
731 1911 833 1992 Quam
856 1913 1037 1977 miserabilis
1060 1915 1147 1977 reus!
1172 1936 1266 1998 quam

233 2036 359 2100 immitis
383 2036 540 2130 tirannus!
573 2034 725 2117 Deinceps
750 2034 960 2119 depinguntur
984 2056 1009 2097 c.
1032 2037 1073 2096 30
1099 2056 1144 2117 sq.
1170 2042 1266 2098 extre-

235 2177 301 2218 mae
326 2155 368 2218 rei
392 2174 510 2238 preces,
536 2151 669 2216 militum
693 2153 839 2235 strepitus
863 2151 1088 2229 investibulo,
1112 2152 1191 2216 servi
1207 2159 1265 2216 tre·

236 2274 395 2359 pidantes,
420 2274 569 2336 exstincta
592 2271 725 2348 lumina,
750 2271 875 2335 tandem
888 2272 1043 2356 feralibus
1064 2273 1123 2334 iam
1143 2263 1266 2349 tenebris

235 2393 391 2457 duoa'ctas
413 2393 445 2455 iu
470 2392 579 2455 aierem
602 2391 727 2468 directi,
753 2391 890 2473 aliaque,
911 2414 989 2474 quae
1005 2399 1078 2455 sunt
1094 2414 1193 2456 merae
1209 2400 1268 2456 tra·

235 2513 363 2596 goediae
386 2512 418 2575 in
443 2511 736 2574 commiserationem
760 2509 888 2574 Libonis
905 2510 1104 2596 iudicumque
1120 2511 1266 2575 invidiam

236 2633 433 2716 compositae.
449 2632 474 2716 ¹)
499 2631 610 2708 Porro,
624 2654 721 2715 quum
737 2633 914 2695 memoravit-
930 2633 1088 2697 Tiberium
1105 2655 1206 2698 servos
1223 2633 1267 2696 rei

238 2752 334 2815 actori
357 2751 482 2836 publico
506 2752 673 2835 mancipari
696 2751 836 2829 iussisse,
861 2766 897 2814 ut
920 2752 952 2815 in
976 2752 1093 2816 domiui
1112 2761 1205 2837 caput
1220 2753 1265 2817 in·

236 2872 386 2956 terrogari
417 2877 558 2954 possent,
592 2869 695 2935 addit:
727 2872 853 2934 callidas
879 2878 907 2934 et
928 2871 995 2935 noui
1017 2872 1092 2935 iuris
1115 2874 1268 2957 repertor!

235 2990 323 3066 Sane,
341 2989 432 3053 modo
449 3011 487 3052 ne
503 2990 536 3052 in
552 2996 763 3073 contemptum
779 2989 853 3052 haec
865 2989 947 3052 dicta
960 2996 1069 3053 essent.
1095 2990 1266 3073 Antiquum

234 3117 315 3186 erat,
342 3130 444 3173 servos
468 3109 500 3171 in
524 3107 664 3171 dominos
688 3107 792 3190 quaeri
816 3107 853 3171 de
877 3108 997 3171 incestu
1025 3117 1055 3172 et
1079 3109 1268 3192 gravioribus

235 3228 267 3291 in
292 3227 411 3302 causis,
442 3226 489 3289 uti
513 3225 545 3288 in
569 3223 779 3288 coniuratione
804 3223 1002 3302 Catilinaria;
1015 3226 1041 3309 2)
1071 3226 1142 3289 novi
1166 3233 1268 3290 autem

233 3349 293 3412 hoc
324 3347 484 3411 addiderat
513 3345 673 3420 Tiberius,
706 3351 757 3422 ut,
790 3344 874 3427 quod
904 3346 1064 3429 bucusque
1094 3345 1188 3409 fiebat
1215 3369 1267 3430 per

235 3469 459 3553 exceptionem,
484 3467 517 3531 id
540 3467 676 3550 legitime
699 3465 764 3529 fieri
788 3465 958 3542 videretur,
989 3465 1156 3528 eratenim
1181 3465 1267 3529 meti·

233 3590 357 3653 culosus
381 3588 497 3651 rituum
524 3586 706 3650 observator.
747 3586 788 3646 At
822 3606 892 3647 vero
923 3584 955 3647 in
986 3584 1045 3648 hoc
1076 3606 1199 3667 quoque
1226 3583 1264 3647 ad

235 3728 389 3739 —-——

266 3801 293 3860 1)
308 3799 381 3848 Color
405 3797 446 3846 iile
470 3797 591 3860 poeticus,
610 3812 657 3860 quo
674 3796 735 3845 nihil
757 3796 786 3845 sd
804 3796 989 3846 commovendos
1007 3796 1099 3846 animos
1116 3801 1152 3846 est
1170 3798 1264 3862 aptius,

230 3887 256 3943 in
275 3896 376 3945 aliorum
394 3910 489 3958 quoque
506 3893 648 3942 iudiciorum
667 3893 868 3956 descriptionibus
885 3893 1028 3956 conspicuus
1045 3897 1093 3952 est,
1113 3909 1133 3942 e.
1146 3910 1169 3958 g.
1188 3894 1220 3940 iv
1233 3894 1265 3942 28

231 3995 256 4039 et
274 3990 313 4040 70.
347 3990 455 4038 Similem
483 3988 702 4053 exaggerationem,
725 3987 821 4037 veritati
837 3987 985 4047 damnosam,
1005 3989 1174 4038 animadvertit
1191 3989 1265 4053 Spen-

231 4087 298 4151 gelus
315 4087 344 4137 ll.
361 4087 408 4138 711
428 4103 481 4151 sqq.
499 4086 524 4134 in
542 4087 552 4134 l
572 4087 602 4135 25
620 4090 645 4135 et
663 4085 703 4135 ut.

265 4183 290 4242 2)
309 4182 361 4230 Cic.
380 4180 466 4230 Partit.
485 4185 546 4230 oret.
564 4181 605 4230 ³4.
639 4180 669 4230 G.
687 4179 758 4238 neit,
777 4178 862 4228 (iescb.
879 4180 920 4228 des
938 4184 996 4230 siim.
1009 4180 1077 4230 crim.
1089 4196 1157 4244 proc.
1172 4197 1195 4245 p.
1208 4182 1265 4231 848.
