3008 4920
783 411 825 473 48

286 618 430 688 mntem,
459 610 494 675 C.
520 610 643 675 Caesari
673 612 747 676 olim
772 612 876 677 dolum
901 622 1060 698 paraverat
1083 614 1212 678 Seianus
1236 637 1262 679 c.
1287 617 1318 678 3.

286 729 447 793 Praeterea
469 729 562 813 paulo
586 729 683 806 infra,
709 751 736 793 c.
761 733 820 806 30,
839 731 936 794 lertur
950 729 1104 794 Lentulus
1121 731 1318 807 Gaetulicus,

286 850 444 933 legionum
478 849 511 911 in
547 848 713 911 Germania
746 850 903 933 superiore
938 851 1125 933 praefectus,
1158 858 1318 914 aecusatus
1398 855 1400 858 ⁴

286 968 438 1031 amicitiae
469 966 571 1031 Seiani
606 968 796 1051 rescripsisse
828 967 949 1032 Caesari
982 969 1160 1053 epistolam,
1193 970 1318 1033 insolita

285 1086 429 1150 libertate
444 1086 597 1170 insignem
604 1111 614 1163 ;
638 1108 714 1149 num
738 1086 852 1149 idcirco
876 1088 1004 1170 punitus
1027 1087 1096 1150 est?
1120 1088 1219 1150 Immo
1235 1110 1319 1151 man·

193 1258 197 1264 .
284 1205 325 1267 sit
347 1205 502 1268 incolumis
523 1205 673 1286 multaque
688 1204 806 1284 qratia,
824 1203 897 1267 dum
915 1226 1027 1287 poenas
1044 1204 1130 1267 dedit
1146 1213 1312 1269 accusator.

282 1323 384 1401 Quam
415 1344 524 1406 parum
556 1330 658 1385 autem
690 1322 800 1385 ultimo
827 1321 914 1406 regni
937 1330 1072 1406 tempore
1097 1332 1234 1388 moratus
1258 1325 1316 1401 sit,

283 1442 359 1527 quid
383 1442 421 1505 de
444 1464 476 1505 se
500 1442 668 1505 seriberent
691 1441 880 1519 dicerentve,
906 1441 1024 1505 nullum
1049 1443 1162 1506 certius
1183 1444 1317 1506 testimo

281 1562 367 1624 nium
399 1570 460 1638 est,
494 1583 586 1645 quam
618 1561 681 1624 duo
712 1560 745 1624 hi
772 1559 837 1657 ⁴loci
860 1560 905 1624 Vl
940 1563 982 1622 24
1006 1568 1037 1624 et
1060 1563 1121 1636 383
1147 1562 1178 1624 in
1203 1562 1317 1645 quibus

277 1681 408 1764 legimns
436 1703 504 1744 eum
530 1689 665 1744 extrema
696 1681 778 1744 dicta
801 1682 914 1765 captivi
947 1681 1040 1745 Drusi
1073 1682 1145 1758 III,
1171 1683 1315 1746 saevitiae

279 1799 403 1882 odiique
427 1800 518 1884 plena
541 1807 571 1863 et
595 1823 613 1862 a
635 1776 763 1864 custode
787 1800 957 1884 descripta,
982 1801 1184 1884 similiterque
1208 1802 1317 1866 odiosa
1405 1792 1406 1795 ¹

226 1951 238 1957 -·
282 1919 431 2002 quaedam
460 1920 492 1982 in
516 1928 700 1984 testamento
722 1919 861 1997 Trionis,
886 1922 1038 1985 occultata
1066 1922 1104 1986 ab
1128 1922 1311 1999 heredibus,

281 2036 361 2100 ult-ro
392 2036 529 2120 patefieri
552 2044 583 2100 et
606 2038 638 2101 in
671 2036 785 2101 Senatu
818 2039 939 2102 recitari
966 2039 1111 2102 iussisse:
1130 2041 1317 2120 patientiam

284 2155 436 2217 libertatis
463 2156 583 2217 alienas
605 2162 758 2218 ostentans
781 2161 811 2218 sl
839 2161 1019 2234 contemplor
1046 2177 1120 2218 suae
1149 2156 1315 2241 infamias,

283 2296 328 2335 an
356 2275 539 2337 scelernm
568 2275 699 2336 Seiani
721 2276 787 2336 dia
813 2275 980 2346 nescias,
1006 2297 1072 2337 moa
1094 2297 1208 2358 quoqaa
1231 2277 1316 2336 modo

284 2395 366 2455 dicta
407 2393 528 2475 culpari
566 2394 697 2455 malebat
729 2393 1097 2475 veritatisque,.cai
1134 2393 1315 2456 adulatio

281 2512 435 2597 officit,
455 2533 522 2593 per
544 2512 675 2594 probra
697 2512 830 2573 sallem
851 2533 994 2593 pannas
1007 2513 1123 2596 fieri.
1143 2512 1166 2595 Ι)

326 2629 434 2695 Restat
456 2652 548 2693 causa
572 2628 721 2694 Cremutii
745 2628 839 2694 Cordi
862 2631 1018 2707 hist-orici,
1044 2631 1116 2713 qui,
1140 2631 1172 2694 in
1196 2631 1244 2694 ius
1266 2653 1316 2694 vo·

282 2757 370 2813 catus
393 2751 473 2834 qaod
494 2751 586 2812 edilis
608 2749 771 2811 annalibus
795 2750 977 2834 laudatoque
997 2749 1043 2812 M.
1063 2751 1171 2824 Bruto,
1191 2751 1220 2811 C.
1245 2751 1315 2810 Cas-

281 2868 357 2929 sian
382 2867 582 2930 Bannanmsmr
606 2868 746 2929 altinum
771 2869 913 2943 elisisset,
937 2866 1003 2950 ipse
1026 2865 1084 2929 sibi
1101 2874 1228 2929 mortem
1245 2888 1315 2930 eon·

282 2987 371 3050 scivit
393 2986 441 3049 IV
471 2990 514 3050 34
538 3008 599 3070 sq.,
632 2988 782 3070 cuiusque
815 2990 906 3051 libros
925 3011 981 3068 per
1003 2988 1121 3052 aediles
1142 2991 1315 3051 cremandas

273 3130 419 3187 ,censuere
436 3115 553 3188 patres.
566 3107 595 3192 2)
630 3107 771 3172 Tiberius
794 3108 867 3171 huia
890 3108 1005 3172 iudicio
1022 3108 1145 3171 omnino
1162 3107 1315 3186 interfuit,

284 3225 337 3307 sed
361 3248 430 3288 eum
454 3224 505 3289 hic
528 3247 651 3309 quoque
667 3248 792 3311 prorsus
808 3249 826 3290 a
841 3226 951 3291 Seiano
968 3227 1148 3312 pependisse
1164 3226 1202 3290 ab
1218 3248 1315 3308 eoque

282 3345 464 3429 instigatum
489 3354 520 3409 et
543 3353 720 3429 corruptum
747 3368 828 3424 esse,
853 3346 950 3410 dicam
969 3369 1024 3409 cur
1039 3346 1171 3410 credam.
1194 3344 1315 3429 Nempe

282 3465 395 3528 diserte
419 3471 552 3528 testatur
575 3464 700 3528 Tacitus
724 3464 860 3529 Cordum
884 3474 1060 3529 accusatum
1080 3487 1143 3529 esse
1160 3488 1178 3528 a
1193 3464 1315 3528 duobus

283 3583 385 3647 Seiani
408 3584 588 3659 clientilus,
613 3604 745 3666 quocum
769 3582 843 3647 facit
865 3583 926 3647 Dio
949 3582 1074 3647 Cassius
1099 3587 1151 3661 57,
1178 3586 1220 3645 24
1244 3593 1313 3662 Κρε-

315 3803 339 3863 l)
356 3802 395 3851 Cf.
418 3801 466 3850 Dio
491 3801 556 3850 Casa.
576 3800 621 3858 58,
640 3799 687 3850 25:
705 3805 809 3858 ἥκιστά
829 3821 856 3851 τε
877 3805 924 3868 γάρ
943 3803 1006 3866 αὐτῷ
1028 3810 1071 3850 τῶν
1089 3801 1194 3850 rualem
1210 3803 1311 3863 ipris,

280 3903 317 3950 καὶ
342 3904 385 3956 τὰς
408 3901 548 3966 κατηγορίας
571 3901 619 3949 nal
643 3899 849 3953 laularetur
870 3894 918 3946 ἔσθ’
939 3900 978 3948 ὅτε
1000 3901 1023 3952 a
1045 3897 1096 3953 anic
1118 3897 1210 3952 πολλὼς
1231 3898 1312 3957 inas,

279 4003 357 4066 ὥσπερ
380 4003 441 4055 τινὰς
467 4001 569 4054 ἐπαίνους
594 4000 749 4064 stipatim.
774 3998 821 4047 sel.
858 3996 932 4059 ldqua
949 3994 1052 4043 faciebat
1069 3994 1102 4052 ia,
1119 3994 1187 4042 cuius
1203 3991 1314 4057 princeps

281 4091 368 4142 vitium
385 4091 545 4141 dissimulatio
563 4091 664 4144 tuissent

318 4188 343 4246 2)
361 4188 404 4237 Uti
421 4188 450 4236 ¹1¹.
466 4186 565 4236 Labieni
582 4186 643 4236 liber
660 4186 704 4236 sub
722 4189 844 4251 Augusto,
861 4189 922 4236 terte
940 4186 1030 4234 Seneca
1046 4185 1071 4232 in
1089 4184 1205 4234 Contror.
