3008 4920
661 419 820 514 wsa

277 593 339 685 non
363 622 456 686 habet
479 622 511 686 in
536 621 685 686 altissimo
701 621 768 686 loco
785 621 977 686 collocatus?
992 661 1037 674 -
1051 646 1161 709 pravos
1180 626 1308 703 amicos,
1395 704 1397 708 y

278 740 332 804 sed
355 741 430 818 hos,
454 763 551 825 quum
579 741 655 804 tales
682 739 874 824 agnovisset,
903 764 971 805 eum
996 742 1160 808 demisisse
1176 751 1207 808 et
1229 745 1311 808 iusta

276 863 374 944 poena
406 858 562 922 interdum
594 858 743 935 affecisse,
775 865 948 922 monstrant
975 881 1053 942 qnae
1075 869 1239 938 narrantur
1264 861 1312 926 VI

279 981 318 1042 lo
349 978 387 1042 de
410 976 592 1041 Vesculario
615 976 725 1041 Flacco
750 999 784 1042 ae
808 977 891 1042 Iulio
914 978 1036 1043 Marino
1042 1028 1053 1058 ‚
1077 980 1150 1063 qui,
1173 1005 1189 1042 e
1212 988 1310 1044 uetur·

274 1097 403 1160 cissimis
424 1096 638 1181 familiarium
669 1117 704 1159 ac
733 1097 871 1159 Rhodum
897 1099 995 1160 sacrati
1016 1106 1046 1162 et
1069 1101 1154 1182 apud
1177 1103 1310 1182 Capreas

273 1217 450 1294 individui,
474 1216 513 1281 ob
541 1217 633 1281 falsas
664 1217 874 1282 accusationes
902 1226 933 1281 et
959 1218 1087 1282 insidias
1114 1218 1152 1282 ad
1179 1226 1308 1284 mortem

272 1339 347 1398 sunt
371 1333 441 1397 acti.

414 1589 570 1666 amenius
593 1589 775 1636 ruamus
799 1589 941 1638 cumulo
963 1591 1160 1639 munimus
1228 1596 1231 1601 '

316 1796 386 1863 Lib.
411 1797 457 1860 IV
483 1820 548 1882 cap.
575 1799 635 1864 ⁷1:
663 1799 723 1868 Qui
747 1800 801 1880 (sc.
818 1796 974 1880 Tiberius)
993 1798 1136 1861 scelerum
1152 1798 1305 1860 ministros

272 1924 307 1980 ut
324 1919 460 1999 peruerti
482 1917 513 2000 (i.
539 1940 565 1981 e.
589 1917 692 2002 perdi,
717 1917 756 1982 cf.
781 1938 807 1981 c.
836 1920 892 1995 12,
917 1917 999 1980 Hist.
1023 1916 1071 1980 IV
1095 1919 1150 1999 38)
1174 1918 1210 1978 at
1229 1917 1305 1979 aliis

272 2037 405 2111 nolebat,
434 2040 481 2099 ita
508 2037 689 2121 plerumque
718 2037 884 2099 satiatus
914 2044 944 2098 et
974 2037 1084 2100 oblatis
1114 2037 1157 2097 ad
1181 2037 1303 2099 ecum

267 2175 385 2235 operam
408 2153 590 2228 recentibus,
613 2160 761 2217 ueteres
783 2163 818 2217 et
838 2176 1059 2236 praepraoes
1082 2155 1256 2239 affliait.

312 2267 415 2356 'lurpe
453 2280 500 2336 est
539 2271 665 2357 prodere
701 2272 835 2350 amicos;
871 2271 924 2336 sed
959 2271 1059 2335 multo
1093 2273 1217 2356 turpius
1251 2295 1304 2338 eos

270 2391 417 2475 prodere,
441 2392 512 2474 qui,
537 2392 650 2457 scelere
673 2400 779 2456 nostra
802 2393 901 2476 gratia
923 2391 1085 2456 commisso
1108 2401 1140 2456 et
1163 2414 1181 2455 a
1202 2392 1303 2457 nobis·

267 2507 411 2592 metipsis,
443 2507 582 2592 pellecti,
614 2509 766 2574 bonorum
796 2508 903 2574 odium
938 2518 969 2575 et
999 2517 1209 2595 contemptum
1243 2510 1303 2575 sibi

205 2713 208 2719 ι
267 2635 496 2691 contraxerunt.
544 2627 688 2692 Huiusce
722 2627 927 2712 turpitudinis
962 2650 1032 2692 rens
1067 2627 1227 2693 habendus
1255 2636 1301 2692 est

265 2744 431 2809 Tiberius?
455 2744 634 2810 Videamus.
670 2744 800 2810 Constat
822 2746 937 2812 multos
960 2752 1152 2813 accusatores
1176 2754 1207 2811 et
1221 2746 1302 2811 dela·

264 2871 344 2930 tores
376 2867 504 2952 punitos
536 2889 601 2931 esse
633 2868 690 2932 sub
718 2867 859 2946 Tiberio,
885 2890 1017 2952 quornm
1047 2869 1185 2954 plerique
1215 2876 1301 2933 erant

263 2983 366 3048 Seiani
400 2992 431 3049 et
469 2985 623 3049 Macronis
658 2986 801 3063 clientes,
836 2987 931 3069 idque
965 3009 1055 3072 saepe
1087 2987 1202 3052 factum
1234 3010 1299 3053 esse

263 3126 374 3189 magno
406 3127 474 3169 cum
503 3105 653 3170 bonorum
684 3105 808 3190 gaudie.
855 3105 915 3170 Sed
945 3106 977 3170 id
1001 3106 1210 3191 quaerendum
1234 3115 1298 3185 est,

263 3230 367 3288 utrum
392 3224 424 3288 hi
448 3224 599 3310 Principis
622 3233 731 3310 rogatu
755 3226 880 3290 iussnve
903 3248 941 3290 an
958 3217 1089 3291 aliorum
1105 3227 1203 3312 gratia
1218 3226 1300 3290 dela·

261 3342 361 3406 tiones
378 3344 587 3429 susceperint,
611 3344 651 3409 ob
667 3366 743 3430 quas
759 3344 870 3409 deinde
885 3345 987 3429 puniti
1003 3345 1075 3409 sint.
1112 3343 1153 3407 Et
1169 3343 1298 3408 Seianus

261 3461 387 3546 quidem
417 3463 521 3526 statim
554 3463 753 3547 excipiendus
785 3471 846 3540 est,
871 3485 962 3545 quem
985 3485 1075 3527 nemo
1098 3486 1181 3542 non,
1208 3464 1297 3549 quid·

261 3580 336 3664 quid
371 3580 509 3665 alioquin
544 3581 583 3646 de
617 3581 740 3647 Tiberio
771 3582 896 3658 statuit,
930 3589 1159 3665 praepotentem
1190 3583 1294 3667 potius

258 3710 429 3781 rectorem,
461 3727 553 3790 quam
580 3706 751 3768 ministrum
779 3704 845 3768 eius
868 3702 1075 3789 appellaverit.
1120 3703 1230 3788 Itaque
1254 3702 1297 3766 vi·

261 3821 396 3886 dandum
428 3831 474 3886 est
506 3823 546 3888 de
575 3823 700 3899 ceteris,
731 3842 810 3906 quos
840 3820 965 3886 Tacitus
995 3823 1150 3886 ministros
1183 3822 1296 3887 liberii

262 3939 421 4005 habendos
451 3947 482 4004 et
511 3941 642 4026 turpiter
669 3941 707 4006 ab
731 3961 767 4004 eo
790 3940 929 4025 proditos
952 3962 1018 4005 esse
1041 3940 1214 4006 crediderit.
1253 3941 1295 4006 Et

261 4059 360 4144 prima
390 4059 515 4144 quidem
546 4060 727 4144 punitorum
758 4065 971 4123 accusatorum
998 4058 1033 4127 fit
1055 4059 1171 4123 mentio
1194 4059 1216 4123 l.
1240 4059 1293 4124 ΠΙ

262 4182 323 4246 872
348 4182 391 4242 lu
417 4168 581 4244 Considius*
600 4186 723 4265 Aequus
744 4187 774 4242 et
800 4180 924 4242 Caclius
949 4182 1073 4255 Cursor,
1095 4181 1212 4264 equites
1234 4181 1294 4242 Ro-
