3008 4920
621 1204 895 1290 rarnrrrro.
959 1280 962 1286 ⁵
1036 1202 1039 1209 ·

709 1460 805 1468 ——--

285 1666 390 1746 Quum
422 1689 439 1728 a
472 1665 577 1728 multis
607 1671 765 1728 tract-atam
797 1663 887 1728 hodie
912 1665 1138 1749 quaestionem,
1164 1664 1271 1727 Tacito

237 1815 313 1900 quid
337 1815 408 1878 fidei
431 1815 463 1878 in
487 1815 601 1878 Tiberii
625 1814 780 1898 regiminis
798 1815 1001 1898 descriptione
1018 1814 1190 1878 habendum
1209 1814 1271 1890 sit,

237 1968 361 2031 nonnisi
384 1974 524 2031 accurata
540 1968 729 2052 singularum
746 1991 858 2044 rerum,
876 1991 952 2051 quas
972 1977 1207 2043 commemorat,
1225 1969 1270 2030 in·

238 2115 401 2200 dagatione
436 2116 563 2179 dissolvi
598 2139 684 2200 posse
719 2117 937 2201 intelligerem,
974 2117 1047 2180 olim
1079 2117 1157 2181 hano
1189 2118 1266 2180 viam

237 2265 392 2348 ingressus
427 2263 465 2326 de
499 2264 690 2346 gravioribus
727 2264 879 2348 plerisque
915 2264 1066 2347 capitibus
1103 2263 1270 2347 peculiares

237 2412 466 2498 disquisitiones
497 2414 637 2490 institui,
669 2435 744 2496 quas
776 2414 835 2476 iam
868 2434 966 2489 nuno,
1000 2401 1123 2496 sperans
1147 2413 1211 2476 lore
1235 2421 1270 2476 ut

236 2563 273 2626 ad
301 2563 412 2626 iustam
442 2563 609 2626 Annalium
639 2563 788 2626 librorum
816 2562 925 2626 I-VI
948 2564 1190 2627 aestimationem
1216 2562 1268 2624 ali-

236 2714 420 2797 quantulum
444 2713 579 2777 conferre
603 2713 739 2798 possint,
764 2713 797 2776 in
820 2736 918 2776 unum
942 2714 1122 2777 fasciculum
1146 2736 1267 2797 compo·

235 2864 307 2928 sitas
333 2864 479 2928 benevolo
504 2862 665 2928 doctorum
689 2863 803 2927 iudicio
825 2864 981 2948 permitto.
1017 2863 1149 2926 Etiamsi
1165 2873 1267 2927 autem

235 3016 292 3080 hae
324 3016 628 3093 dissertatiunculae,
662 3017 776 3100 quippe
808 3017 889 3079 varia
924 3039 959 3079 ac
989 3016 1109 3108 diversa
1139 3023 1269 3078 tractan-

234 3174 296 3244 tes,
330 3190 392 3231 non
424 3168 516 3230 nimis
540 3175 622 3230 arcto
647 3167 769 3230 vinculo
794 3168 942 3230 contineri
971 3167 1151 3244 videantur,
1176 3168 1206 3229 in
1233 3190 1267 3230 eo

231 3323 333 3379 tamen
368 3316 548 3393 cohaerent,
586 3317 670 3400 quod
704 3316 846 3380 omnibus
882 3338 1044 3380 commune
1080 3326 1126 3380 est
1160 3339 1268 3401 propo·

233 3467 345 3544 situm,
372 3489 479 3552 nempe
504 3476 539 3530 ut
563 3466 763 3530 ostendatur:

274 3617 371 3682 Taciti
401 3619 516 3682 iudicia
545 3620 577 3683 in
610 3619 716 3683 multis
741 3640 775 3682 ao
798 3619 942 3702 gravibus
978 3619 1066 3682 rebus
1091 3642 1193 3683 secum
1218 3620 1264 3684 in·

229 3765 329 3828 vicem
354 3788 509 3849 pugnare:

275 3936 311 3978 ea
338 3916 459 3999 saepius
484 3916 575 3979 etiam
599 3917 705 3994 factis,
730 3938 807 4000 quae
831 3918 898 4002 ipse
921 3919 1083 3982 memoriae
1107 3918 1267 4004 prodidit,

233 4062 285 4126 sed
310 4063 474 4127 denudatis
499 4064 659 4127 verborum
685 4073 715 4128 et
738 4066 977 4143 sententiarum,
1003 4088 1064 4149 quo
1089 4088 1123 4129 ea
1146 4066 1267 4143 induit,

234 4220 363 4291 ornatu,
388 4212 546 4297 redargui:
