3008 4920
726 410 768 469 44

233 616 397 690 querente,
422 609 563 673 Tiberius
587 633 618 672 se
642 611 756 674 iturum
782 612 857 675 dicit
880 612 918 674 ad
942 612 1078 676 tribunal
1101 621 1131 676 et
1155 613 1265 676 affutu-

232 750 299 792 rum
332 728 540 813 Urgulaniae,
574 752 671 814 eoque
698 733 905 816 progreditur:
938 733 1049 798 Caesar
1079 737 1265 819 spectabatur

233 858 401 914 occurrente
417 853 546 935 populo,
571 854 676 928 dcccc,
697 852 875 937 propinquae
897 853 1030 916 Pisonem
1045 854 1171 939 feretra
1190 858 1265 915 coc'r·

232 969 377 1047 centibus,
402 970 515 1055 deferri
538 974 671 1051 Aepueta
696 971 849 1055 pecuniam
871 993 945 1055 quur
966 973 1119 1055 petebatur
1142 971 1263 1034 iuberet.

232 1089 321 1171 quue
340 1089 418 1169 fiuc’c
448 1090 512 1163 rcc‘,·
538 1110 573 1151 cc
604 1112 661 1172 quc
692 1112 781 1173 neque
812 1091 883 1153 Pe'eo
913 1091 1105 1171 inploraret
1132 1091 1265 1153 Oucrur

233 1205 369 1268 maiore
392 1206 496 1288 famu
513 1206 611 1291 fcit.
634 1209 657 1289 Ι)
702 1207 884 1292 Progredior
911 1208 949 1271 ad
977 1208 1011 1272 ΙΙ
1039 1211 1090 1272 35.
1139 1208 1266 1271 Dixerat

232 1321 344 1388 Caesar
367 1347 398 1388 se
421 1324 612 1408 aliquamdiu
639 1327 799 1390 afuturum
827 1349 908 1404 esse,
933 1327 1036 1411 itaque
1060 1327 1264 1410 quaerebatur

231 1464 305 1505 num
342 1443 466 1506 absente
497 1443 633 1528 principe
664 1453 788 1508 senatus
819 1444 993 1509 haberetur.
1036 1445 1093 1509 Gn.
1126 1444 1197 1509 Piso
1229 1447 1263 1509 ob

232 1562 267 1625 c'u'
286 1584 333 1624 rec
362 1560 454 1642 mepte
485 1564 610 1643 upeudcm
641 1564 784 1640 censebat,
819 1563 928 1627 Gallus
957 1571 1063 1627 contra
1085 1563 1164 1627 nihil
1187 1564 1262 1627 satis

230 1679 351 1743 illustre
382 1701 446 1742 esse
473 1680 892 1745 calceamentorum
920 1684 1062 1746 Caesarie.
1100 1681 1182 1744 Huic
1206 1681 1265 1744 dis·

232 1799 401 1881 putationi,
426 1820 500 1882 quoe
522 1799 633 1878 mupuic
657 1800 791 1884 almaque
815 1800 1043 1864 contentionibuc
1060 1808 1128 1864 actu
1144 1807 1202 1877 cut,
1220 1800 1265 1863 in·

233 1926 327 1981 terest
357 1916 513 1994 Tiberius,
547 1917 633 1980 audit
664 1924 694 1980 et
725 1918 803 1982 silet.
852 1918 940 1981 Brevi
965 1928 1035 2002 post
1058 1919 1148 1982 etiarn
1179 1920 1265 1983 Gallo

234 2042 424 2115 certamen,
448 2037 468 2101 i.
485 2059 511 2101 e.
536 2037 693 2101 altercatio
716 2037 747 2100 in
772 2045 897 2116 senatu,
921 2041 1056 2102 adverae
1086 2039 1264 2103 Tiberium

232 2163 362 2220 coortum
384 2163 426 2220 cet
438 2158 486 2240 ·(c.
513 2159 577 2241 36).

277 2274 362 2337 Haec
384 2273 528 2337 nimirum
553 2275 691 2359 exempla
714 2275 787 2339 satis
811 2275 966 2353 indicant,
990 2277 1150 2356 repperiare
1166 2277 1198 2340 in
1217 2276 1266 2340 Se-

234 2401 309 2457 natu
343 2393 469 2456 minime
504 2393 621 2456 nullum
656 2393 760 2457 luisse.
778 2395 802 2477 2)
844 2396 942 2478 Atqui
973 2395 1005 2457 id
1038 2396 1104 2480 ipse
1135 2395 1266 2480 scriptor

234 2512 363 2575 affirmat
386 2511 425 2575 da
447 2533 555 2575 novem
583 2513 689 2596 primis
713 2513 798 2597 regui
822 2514 910 2576 annis
933 2514 977 2577 sio
1000 2521 1132 2578 testatus
1156 2514 1203 2577 lv
1229 2519 1265 2578 6:

232 2633 297 2693 [aru
326 2630 446 2714 publica
480 2631 594 2712 repotia
628 2637 656 2694 ct
683 2631 866 2715 priuatorum
898 2633 1026 2696 murima
1057 2636 1139 2718 apud
1162 2641 1266 2718 patrea

266 2941 290 3002 l)
312 2941 368 2989 Pieo
385 2944 441 2990 coto
457 2941 528 2989 anule
545 2945 601 3004 poet
617 2957 630 2990 a
648 2941 737 2990 Granio
759 2944 882 2990 accuratur
902 2945 938 2990 eet
958 2942 1089 2991 muieatatie
1108 2946 1266 3006 receptusque

231 3053 301 3095 reue,
318 3037 359 3086 ead
377 3053 447 3087 cauea
463 3053 511 3086 nou
529 3043 625 3102 peracte
644 3042 679 3086 eet
698 3037 729 3086 ob
741 3043 845 3087 mortem
859 3044 1020 3102 opportunum
1030 3038 1064 3086 1v
1084 3039 1124 3088 21.
1141 3037 1264 3087 'liberium

231 3139 297 3193 tum,
322 3139 349 3184 ut
370 3135 398 3184 Τ.
421 3135 570 3199 auspicetur,
588 3134 792 3194 renouaeeeirae,
811 3150 910 3199 quarum
928 3135 1047 3198 praesenti
1065 3134 1088 3183 in
1109 3151 1135 3183 re
1153 3151 1196 3184 nee
1212 3134 1266 3183 rola

231 3245 275 3278 nee
292 3229 420 3294 uestigium
437 3234 590 3294 apparuerat,
609 3246 657 3279 uon
674 3230 754 3278 credo.

266 3327 290 3384 2)
308 3327 444 3393 Quomiuue
466 3327 527 3376 huuc
549 3326 644 3376 dicendi
661 3326 797 3376 libertatem
814 3327 896 3392 potine
913 3328 1047 3377 tribuamus
1065 3329 1207 3377 Senatorum
1224 3342 1264 3375 au·

231 3424 312 3474 daciae
329 3441 357 3474 ac
375 3425 512 3474 tortitudini
530 3440 602 3488 quam
618 3424 773 3489 Imperatori·
784 3425 927 3488 patientiae,
940 3425 1037 3474 obatuut
1048 3424 1171 3474 uotiaeima
1182 3438 1265 3472 eorum
1324 3453 1331 3463 -

232 3522 327 3587 ignavia
344 3526 367 3571 ct
385 3522 497 3571 adulandi
513 3521 629 3572 etodium.
665 3522 702 3570 lta
720 3522 761 3569 111
778 3522 824 3579 82,
842 3522 872 3570 85
894 3521 1004 3570 Tiberine
1021 3522 1106 3570 abeona
1121 3536 1165 3585 per
1181 3521 1264 3569 literae

232 3618 294 3683 petit
310 3635 323 3666 a
340 3618 429 3667 Senatu
447 3621 474 3666 ut
491 3617 586 3667 Africae
602 3617 771 3679 proconsulem
789 3616 909 3681 deligaut;
927 3617 1075 3674 rescribunt,
1093 3620 1121 3665 ut
1136 3618 1222 3665 anrar
1232 3616 1265 3665 le-

228 3718 295 3778 perct
311 3714 351 3762 cui
368 3713 526 3761 mandandum
535 3709 613 3776 'soret
648 3713 709 3762 'l'um
733 3713 855 3778 eartiprte'e
871 3713 961 3776 oblique
975 3712 1084 3775 patribus
1100 3712 1164 3775 quod
1179 3716 1264 3761 euecta

231 3825 341 3857 curarum
359 3808 393 3856 ad
406 3807 538 3870 principem
556 3807 686 3867 reicerent,
704 3809 764 3857 duee
782 3809 916 3858 nominavit
933 3825 946 3857 e
963 3808 1049 3872 quibua
1065 3806 1192 3872 legeretur.
1218 3806 1263 3854 Ve-

231 3922 283 3955 rum
302 3906 386 3964 fuieae,
404 3906 469 3969 quod
480 3906 591 3955 Tiberius
609 3907 721 3970 quotiene
739 3908 805 3956 curin
823 3906 976 3970 egrederetur
991 3906 1077 3954 dirime
1091 3905 1179 3953 fertur:
1195 3903 1264 3952 otu

231 4003 303 4051 mines
327 4004 361 4052 ad
381 4003 515 4052 seruitutem
537 4006 655 4067 parator!
674 4005 713 4053 lll
737 4004 781 4063 65,
805 4010 904 4069 apparet
926 4019 954 4052 er
977 4003 1042 4052 hisce
1064 4000 1137 4050 locie:
1160 4000 1200 4048 Ill
1220 3999 1263 4056 le,

231 4098 277 4156 47,
299 4098 345 4157 47,
370 4099 416 4157 50,
439 4097 484 4157 57,
508 4099 553 4157 70,
571 4099 616 4157 72,
643 4099 872 4160 17;11er,et;
900 4099 934 4147 lV
953 4099 981 4157 8,
1001 4098 1049 4158 67,
1067 4097 1114 4155 74,
1141 4095 1174 4143 Vl
1192 4096 1221 4154 2,
1241 4093 1265 4146 7.

233 4193 299 4244 Suet.
317 4193 357 4248 27.
