3008 4920
729 403 770 466 79

229 616 294 672 tarn
318 609 409 672 exilia
433 614 521 684 sunt,
547 613 583 670 ut
607 601 733 670 acutum
756 607 967 690 indagatorem
989 605 1129 689 graviora
1144 626 1206 668 uon
1222 603 1267 666 iu-

231 730 350 792 venisse
373 728 501 791 mireris.
539 727 728 791 Huiusmodi
753 736 799 790 est
816 726 899 811 quod
915 725 1029 810 legitur
1046 725 1063 788 I
1084 727 1143 787 62:
1162 723 1268 806 anqui-

232 849 288 925 rit,
316 871 370 911 cur
393 847 516 912 Tiberio
540 869 601 910 non
626 847 753 931 probata
776 846 869 909 fuerit
884 845 977 929 longa
993 844 1168 908 Germanici
1184 865 1269 908 mora

233 969 266 1031 in
291 969 371 1031 saltu
395 968 713 1052 Teutoburgeusium,
738 967 796 1030 hoc
819 966 928 1030 modo:
945 989 1008 1029 sen
1028 972 1131 1028 cuncta
1154 965 1271 1027 Germa·

233 1089 295 1152 uici
317 1090 349 1151 in
373 1089 502 1152 deterius
525 1088 672 1164 trahenti,
696 1088 773 1151 siue
795 1072 952 1150 saccutum
973 1086 1099 1167 imcpine
1123 1106 1269 1148 caesorum

233 1215 261 1271 et
296 1210 510 1289 insepultorum
545 1210 696 1271 tardatum
732 1209 774 1270 ad
799 1206 918 1290 proelia
952 1211 981 1268 et
1007 1204 1272 1288 formidolosiorem

233 1327 359 1391 hostium
382 1329 528 1391 credebat:
550 1349 664 1411 neque
686 1328 891 1410 imperatorem
918 1323 1067 1406 anparatn
1089 1329 1118 1387 et
1140 1323 1273 1394 uetustis·

232 1447 317 1510 nmis
340 1448 522 1510 caaimoniis
542 1447 709 1528 praeditam
737 1451 897 1509 attrectare
910 1445 1031 1530 feralia
1054 1444 1192 1508 debuisse.
1238 1443 1273 1506 Si

220 1566 310 1650 ‘quid
340 1567 515 1630 Germanioi
545 1566 577 1628 in
607 1565 734 1629 deterius
764 1567 879 1629 tradere
904 1564 1069 1640 voluisset,
1095 1571 1181 1627 erant
1212 1563 1271 1626 alia

235 1687 267 1750 iu
293 1687 386 1751 buius
410 1687 674 1750 administratione
699 1709 777 1772 quae
798 1687 911 1751 maiore
927 1708 997 1749 cum
1015 1684 1151 1749 veritatis
1168 1683 1269 1768 specie

235 1829 338 1871 ansam
363 1808 591 1891 praebuissent,
616 1808 663 1869 uti
684 1830 709 1870 e.
727 1829 757 1890 g.
774 1807 845 1870 ficta
861 1806 915 1869 ills
935 1805 1064 1889 epistola
1081 1825 1141 1888 qua
1157 1803 1273 1867 Tiberii

236 1928 360 1990 nomine
392 1927 506 1991 milites
538 1927 695 1990 leniverat.
743 1926 802 1990 Sed
838 1926 1006 1990 rectissime
1038 1925 1162 1988 Tacitus
1195 1924 1272 1987 hanc

236 2049 441 2132 suspicionem
454 2047 522 2110 aliis
539 2046 706 2111 verioribus
724 2047 795 2129 (siae
809 2095 816 2110 .
828 2095 834 2110 .
846 2095 853 2110 .
867 2048 968 2131 neque)
983 2045 1127 2129 repressit
1132 2071 1141 2122 ;
1156 2044 1269 2128 quibus

237 2168 330 2244 adde,
349 2168 431 2252 quod
456 2189 544 2230 nemo
568 2167 664 2250 magis
688 2166 794 2230 feralia
818 2173 847 2230 ct
872 2166 1028 2250 planctum
1054 2164 1272 2248 aspernabatur

241 2300 271 2354 et
297 2291 369 2353 viris
401 2289 545 2353 indecora
568 2288 700 2352 habebat
723 2311 816 2372 quam
839 2289 996 2365 Tiberius,
1022 2297 1058 2351 ut
1081 2286 1217 2351 ostendit
1240 2286 1270 2350 in

239 2416 339 2473 morte
363 2409 447 2472 unici
472 2416 502 2471 et
526 2407 718 2471 dilectissimi
741 2407 796 2470 filii
821 2407 914 2470 Drusi
938 2405 984 2470 IV
1002 2409 1039 2483 8,
1061 2413 1273 2491 praeterquam

239 2529 322 2614 quod
354 2529 592 2613 prudentissimo
627 2527 699 2591 belli
731 2528 821 2602 duci,
854 2527 975 2612 qualem
1006 2527 1059 2590 ille
1090 2547 1209 2610 semper
1241 2546 1273 2587 se

237 2648 432 2732 praebuerat,
457 2648 582 2732 quaevis
607 2649 769 2711 remoratio
794 2648 824 2710 in
848 2648 958 2711 mediis
981 2646 1140 2722 hostibus,
1159 2644 1284 2727 quibus

239 2765 332 2828 simul
365 2765 530 2848 colligendi
562 2773 592 2827 et
623 2765 764 2828 firmandi
789 2787 820 2828 se
843 2774 965 2848 tempus
990 2763 1136 2840 dabatur,
1162 2764 1275 2847 imper«

238 2894 316 2947 tuna
340 2893 370 2947 et
393 2885 564 2969 periculosa
587 2885 683 2947 videri
707 2884 824 2948 debuit.

283 3005 417 3068 Transeo
442 3006 478 3068 ad
504 3005 623 3088 reliqua
646 3005 820 3068 Germanici
844 3004 914 3068 fata.
953 3003 1079 3066 Romam
1096 3003 1192 3067 redux
1210 3003 1273 3087 agit

237 3125 439 3209 triumphum.
487 3124 566 3188 Tum
599 3132 702 3187 noster
732 3123 767 3186 ΙΙ
797 3127 858 3187 42:
896 3126 1026 3187 Ceterum
1046 3123 1191 3187 ,Tiberius
1221 3144 1276 3185 aa·

238 3251 286 3308 mi
291 3268 331 3308 ne
366 3246 577 3309 Germanici
607 3252 733 3309 trecenos
755 3246 838 3327 plebi
868 3247 1014 3309 sestertios
1041 3245 1152 3308 uiritim
1180 3246 1274 3319 dedit,

237 3387 322 3447 seque
345 3367 482 3446 cattepani
507 3365 671 3428 consulatui
694 3370 757 3427 cius
772 3366 937 3428 destinauit.
974 3363 1060 3427 Bona
1077 3363 1157 3427 facta
1173 3361 1274 3439 dicas3

239 3491 270 3546 at
302 3484 376 3547 haec
407 3505 446 3546 ne
477 3505 564 3546 verae
595 3472 824 3546 benevolentiae
855 3483 959 3566 potius
991 3504 1081 3565 quam
1115 3480 1276 3544 simulatae

239 3602 374 3679 tribuas,
399 3603 575 3686 subiungit:
600 3626 650 3666 nec
680 3603 745 3666 ideo
774 3604 940 3666 sincerae
963 3602 1139 3665 caritatis
1152 3601 1273 3686 fidem

238 3729 387 3785 assecutus
415 3722 569 3785 amoliri
600 3723 728 3784 icsncnem
751 3722 871 3803 specie
892 3723 1009 3785 doneris
1034 3722 1156 3797 statuit,
1181 3727 1276 3784 stra·

237 3843 368 3926 citque
398 3865 502 3905 consus
532 3849 599 3904 aut
624 3843 712 3925 forte
742 3844 855 3904 obtutus
882 3843 1027 3923 arripnit,
1053 3850 1083 3905 et
1107 3844 1150 3906 sic
1173 3844 1274 3910 denuo

238 3986 285 4025 res
318 3963 402 4046 ipsae
433 3961 488 4025 ubi
519 3961 652 4024 clamant
683 3961 838 4024 Tiberium
863 3962 988 4025 minime
1012 3962 1196 4026 invidiosum
1222 3974 1275 4029 aut

237 4083 420 4147 malevolum
456 4084 551 4147 fuisse
586 4105 657 4167 erga
694 4083 810 4160 filium,
843 4083 952 4147 cedant
983 4092 1104 4167 oportet
1133 4084 1273 4151 Taciteae

237 4202 394 4288 opinioni,
427 4225 496 4266 eum
528 4202 599 4264 odio
627 4201 726 4265 filium
750 4202 909 4266 babuisse:
933 4204 1044 4266 strauit
1066 4226 1185 4284 causas,
1210 4206 1270 4273 ait:
