3008 4920
726 413 768 474 43

278 614 445 679 Videamus
477 614 608 699 primum
640 614 677 678 de
704 613 883 698 disputandi
909 611 1034 676 licentia
1056 611 1093 674 in
1116 611 1199 674 loro
1222 631 1263 672 ac

170 710 174 717 Ι
231 734 384 799 Senatu.

277 853 294 915 I
320 854 370 916 13.
417 851 526 916 Libere
549 852 721 937 loquuntur
744 861 774 916 et
794 852 842 916 vel
869 852 1004 915 animum
1031 850 1145 914 Tiberii
1167 849 1263 934 saepi·

233 995 331 1036 cacerrr
354 972 566 1056 perstringunt
587 972 619 1036 iu
643 981 751 1037 senatu
775 972 813 1052 Q.
838 971 985 1036 Haterius
1009 977 1039 1034 et
1059 970 1102 1034 M.
1120 969 1262 1034 Scaurus.

235 1089 320 1170 Quid
344 1091 382 1155 de
406 1091 453 1154 his
477 1090 626 1154 Tacitus?
648 1092 802 1168 Saaraara,
823 1097 874 1155 cai
894 1090 1107 1172 implacabilium
1121 1090 1265 1153 irasceba-

232 1217 296 1287 tar‚
320 1212 436 1274 silentio
467 1210 604 1275 tramisit.
640 1212 684 1274 At
708 1232 779 1273 vero
800 1209 1002 1294 implacabilis
1024 1209 1083 1271 ista
1108 1209 1153 1271 ira
1177 1230 1264 1271 num·

234 1350 325 1410 quam
354 1350 385 1391 se
416 1328 569 1415 ostendit:
595 1335 701 1393 contra
730 1351 782 1418 sex
813 1329 901 1391 annis
935 1336 1004 1411 post
1019 1328 1142 1390 -Scaaro
1164 1329 1264 1390 datam

235 1467 252 1507 a
268 1446 443 1529 principe
458 1468 497 1508 ne
516 1445 669 1529 Lepidae,
686 1439 855 1529 flagitidsae
871 1446 1024 1521 mulieris,
1039 1467 1075 1509 ex
1091 1467 1152 1528 qua
1167 1444 1264 1508 filium

233 1574 401 1651 genuerat,
426 1565 507 1629 bona
535 1565 764 1650 publicarentur
789 1564 841 1628 ΙΙΙ
864 1568 924 1641 33;
949 1564 1029 1648 perit
1052 1562 1105 1627 ille
1129 1570 1199 1647 post
1223 1566 1264 1626 20

234 1707 329 1748 annos
354 1685 509 1749 Macronis
534 1685 605 1748 odio
628 1685 675 1747 VI
693 1689 744 1749 29.
783 1687 821 1749 Iri
847 1685 1001 1748 Hateriarn
1025 1685 1125 1748 atatim
1141 1684 1267 1746 invectas

236 1813 279 1870 est
309 1804 436 1882 Caesar,
469 1806 521 1869 sed
553 1805 712 1888 mitigatur
739 1804 843 1868 matris
875 1803 1015 1887 precibus
1022 1828 1031 1880 ς
1062 1803 1139 1866 hanc
1163 1810 1265 1866 autem

234 1923 499 2008 reprehensionem
531 1946 593 1986 non
626 1924 801 1987 acerrimam
833 1923 927 1987 fuisse
958 1931 1083 2006 apparet
1106 1944 1142 1985 ex
1164 1921 1181 1984 I
1207 1923 1263 1998 77,

234 2042 288 2107 ubi
312 2066 392 2107 anno
417 2052 486 2127 post
510 2043 657 2107 Haterius
680 2042 749 2106 trib.
777 2043 819 2126 pl.
847 2042 1009 2106 intercedit
1033 2063 1088 2125 pro
1112 2040 1267 2104 histrioni·

235 2161 311 2239 bus,
343 2161 536 2233 odiosissime
567 2161 724 2224 hominum
750 2183 859 2244 genere
881 2160 1020 2237 Tiberi03
1045 2158 1131 2222 adest
1154 2157 1265 2221 Caesar

236 2290 265 2346 ct
281 2282 368 2359 silet,
388 2283 562 2365 valetque
578 2282 753 2346 intercessio
762 2308 770 2358 ;
788 2304 913 2345 nevero
930 2280 1053 2344 Tacitus
1070 2279 1186 2363 aliquid
1202 2278 1267 2342 lau·

238 2399 284 2461 dis
315 2399 438 2463 'liberio
465 2399 630 2463 concedere
661 2398 818 2476 videatur,
847 2421 902 2463 suo
934 2420 1017 2463 more
1039 2397 1141 2461 addit:
1166 2420 1201 2460 ea
1222 2396 1268 2460 si·

236 2521 404 2583 matacra
434 2519 627 2583 libertatis
653 2519 776 2583 Seaatai
796 2521 970 2601 praebebat:
994 2518 1082 2602 quasi
1106 2517 1267 2601 quisquam

238 2636 296 2704 sub
318 2637 445 2721 imperio
469 2638 628 2721 pristinem
653 2637 727 2721 reip.
752 2636 922 2701 libertatem
946 2636 1123 2719 requireret.
1171 2635 1267 2698 Porro

237 2754 273 2817 II
296 2758 338 2818 33
363 2777 408 2838 sq.
433 2764 581 2819 narratur
600 2755 696 2819 libera
719 2755 887 2839 disputatio
911 2754 949 2818 de
972 2754 1064 2831 luxu,
1089 2755 1121 2817 in
1146 2776 1208 2837 qua
1229 2752 1267 2816 L.

238 2872 326 2948 Piso,
360 2874 405 2936 vir
436 2873 549 2937 nobilis
580 2895 614 2936 ac
645 2874 729 2936 ferox
762 2872 821 2955 (IV
846 2875 911 2957 al),
939 2873 1122 2936 contrariam
1146 2871 1269 2935 Tiberio

239 2991 421 3054 sententiam
444 2993 648 3075 pronuntians
671 2992 936 3055 vehementissime
964 2990 1104 3053 exardet:
1130 2989 1268 3052 ambitam

239 3111 319 3188 fari,
343 3120 482 3197 cowapta
505 3113 635 3190 iudicia,
658 3113 812 3176 saevitiam
836 3118 981 3174 araturam
1005 3115 1204 3174 accusationes
1219 3111 1270 3173 rai·

240 3230 397 3294 aitarrtiarrr
428 3233 599 3315 increparis,
624 3233 705 3295 abire
733 3255 764 3296 se
789 3238 818 3295 et
846 3233 943 3295 aedae
965 3232 1051 3305 arbe,
1074 3231 1215 3293 uicturam
1238 3229 1270 3292 iri

240 3350 340 3435 aliqua
367 3353 465 3416 abdita
488 3359 516 3416 et
538 3353 693 3436 taapirrqaa
715 3374 785 3414 rare
807 3353 978 3414 testabatur.
1025 3347 1111 3428 Quid
1135 3348 1174 3412 ad
1197 3349 1272 3412 haec

175 3469 182 3479 '
240 3468 403 3533 Tiberius?
446 3473 607 3534 Commotus
639 3476 682 3533 est
716 3477 743 3532 et
774 3491 945 3554 quamquam
974 3467 1122 3530 aritibas
1151 3466 1273 3531 uerbis

242 3589 375 3652 Pisonem
400 3589 617 3670 permisisset,
645 3588 828 3673 propinquos
859 3609 969 3672 qaoque
999 3587 1062 3654 ciras
1093 3585 1211 3667 impetit
1239 3591 1272 3648 at

241 3714 388 3776 abeuntem
418 3713 593 3776 auctoritate
623 3715 669 3776 ret
691 3713 826 3794 precibus
852 3718 988 3776 terraeat.
1028 3710 1113 3776 Haec
1136 3709 1272 3793 prolecto

242 3828 341 3904 ultre,
374 3851 466 3911 quam
490 3852 508 3891 a
530 3829 693 3893 mitissimo
723 3829 927 3912 gubernatore
951 3826 1119 3911 exspectari
1142 3827 1270 3910 possint.

241 3945 308 4009 Nec
339 3947 440 4010 minus
473 3969 604 4030 acquum
630 3955 660 4011 et
684 3949 787 4036 mitem
812 3948 979 4032 principem
1003 3944 1171 4008 ostendunt
1194 3967 1273 4029 quae

242 4076 425 4150 sequuntur.
464 4066 552 4130 Idem
576 4066 629 4130 ille
652 4067 723 4131 Piso
748 4067 852 4130 matris
875 4066 990 4129 Tiberii
1013 4064 1192 4127 familiarem
1215 4064 1275 4127 Ur-

243 4185 399 4277 gulaniam
422 4186 454 4249 in
478 4186 528 4249 ius
551 4193 655 4269 νοσεῖς
680 4189 823 4280 Augusta
846 4184 977 4271 „violari
1001 4206 1033 4248 sc
1056 4189 1088 4255 et
1110 4183 1272 4255 imminui”
