3008 4920
734 395 774 458 71

282 599 454 683 Aplacida
485 599 659 664 Germanici
689 601 793 664 indole
824 600 902 664 nihil
925 602 1061 686 profecto
1084 603 1181 688 magis
1207 612 1271 668 erat

239 719 390 795 alienum,
424 741 516 803 quam
549 725 584 783 nt
613 721 723 783 habere
745 722 873 802 imperio
897 745 983 805 quom
1008 730 1177 804 cospectcre
1199 726 1274 801 mol·

238 839 295 912 let,
318 837 411 922 idque
436 838 609 916 Tiberium,
635 839 751 903 multos
775 861 871 902 annos
896 862 958 904 una
978 863 1047 904 cum
1065 864 1100 905 eo
1116 843 1148 905 in
1165 844 1272 906 castris

236 962 402 1034 versatum,
435 957 529 1041 probe
559 959 680 1021 novisse
710 967 780 1022 eta
809 959 1035 1023 Germanico
1067 962 1142 1025 sibi
1173 962 1273 1026 nihil

236 1079 436 1154 metuisse,
461 1078 533 1142 inde
556 1078 668 1154 efficio,
694 1079 777 1162 qnod
801 1102 869 1143 eum
893 1102 949 1144 nec
973 1082 1120 1145 continuo
1144 1083 1274 1166 alogio-

236 1197 327 1262 nibus
351 1199 488 1261 avocavit
507 1237 544 1245 -
564 1198 621 1261 hoo
646 1207 747 1262 autem
765 1200 930 1283 quominus
946 1200 1058 1264 faceret
1074 1201 1152 1266 nihil
1161 1251 1170 1280 ,
1187 1201 1272 1286 qnod

234 1337 297 1379 non
320 1323 427 1400 postea
450 1338 573 1400 quoque
597 1317 799 1380 obstabat-
815 1325 846 1381 et
869 1341 907 1382 ne
931 1327 999 1382 tum
1015 1319 1155 1402 quidem,
1174 1342 1269 1404 quum

233 1433 320 1511 illae,
345 1443 380 1499 ut
406 1436 449 1497 ait
472 1433 638 1499 Suetonius
662 1458 688 1499 c.
714 1440 754 1498 25
765 1485 774 1514 ,
799 1439 1005 1501 detrectabant
1029 1440 1195 1524 principem
1210 1463 1267 1502 aaa

234 1578 254 1616 a
278 1577 310 1618 ae
332 1557 436 1619 dotem
460 1578 630 1640 eremmaqoe
654 1558 685 1619 oi
713 1559 921 1621 (formaticum
945 1562 987 1621 od
1007 1582 1095 1642 remp.
1112 1583 1267 1641 capemen-

233 1675 302 1736 dom
325 1675 483 1756 serpebant,
508 1676 561 1738 sad
585 1675 709 1739 demum
733 1683 803 1760 post
827 1675 996 1741 biennium.

248 1867 250 1871 Α
279 1793 315 1858 Ο.
341 1797 359 1858 3
392 1794 498 1858 scribit
531 1795 590 1860 itas
626 1797 821 1858 Germanicus
851 1800 992 1860 unciae
1023 1800 1150 1862 occultis
1181 1801 1213 1862 ia
1238 1824 1270 1864 oe

229 1915 337 1995 patrui
368 1916 513 1998 aviaeque
544 1915 636 1986 odiis,
669 1938 795 1999 quaram
827 1939 936 1978 caueae
958 1919 1089 1980 acriores
1111 1920 1184 2003 qaia
1209 1921 1268 1981 ini-

231 2055 313 2116 quae.
365 2032 424 2096 Sed
461 2033 535 2096 haec
575 2055 699 2118 quoque
735 2034 900 2098 declaratio
935 2035 1024 2098 factis
1059 2036 1266 2120 redarguitur.

235 2153 337 2219 Germ.
363 2157 471 2220 aetatis
496 2179 522 2220 a.
548 2159 587 2218 21
614 2157 657 2240 (a.
684 2159 700 2222 7
727 2180 755 2241 p.
786 2155 821 2220 Ο.
849 2159 893 2240 n.)
919 2157 953 2220 in
979 2157 1171 2221 Pannoniam
1202 2181 1270 2242 pro·

233 2275 350 2353 fectus,
382 2275 426 2341 ibi
458 2298 519 2340 una
547 2299 617 2340 cum
640 2275 762 2340 Tiberio
786 2298 840 2360 per
863 2285 924 2340 tres
949 2299 1044 2340 annos
1069 2276 1149 2341 bella
1172 2301 1270 2363 gesse·

232 2401 297 2472 rat,
330 2397 509 2479 gravissima
541 2397 677 2459 omnium
707 2403 900 2460 externorum
929 2404 1000 2480 post
1027 2396 1145 2461 Punica
1172 2398 1268 2482 (Suet.

237 2517 316 2599 lu),
342 2538 487 2600 oppressa
510 2516 660 2580 seditione
684 2515 773 2580 ambo
792 2516 825 2594 in
842 2516 975 2580 Galliam
992 2516 1133 2581 abierunt
1149 2518 1269 2602 ultique

233 2634 397 2699 Varianam
430 2636 545 2699 cladem
577 2658 640 2699 nna
671 2643 799 2720 egerunt
830 2637 1029 2720 triumphum
1045 2660 1071 2701 a.
1096 2639 1146 2701 12.
1185 2637 1268 2702 Huic

232 2756 448 2820 consuetudini
484 2756 577 2819 ullam
613 2756 801 2820 simultatem
833 2757 1055 2835 intercessisse,
1087 2758 1221 2821 traditur
1251 2781 1269 2822 a

232 2876 360 2941 nemine.
407 2873 480 2939 Non
505 2898 578 2939 sane
600 2876 705 2939 intimi
728 2884 814 2938 erant
838 2876 945 2952 amici,
971 2876 1087 2960 quippe
1109 2875 1213 2939 indole
1237 2883 1268 2940 et

232 3001 330 3058 aetate
361 2995 452 3078 longe
483 2995 636 3079 dispares,
669 2994 721 3058 sed
754 2994 950 3072 Germanico,
975 3016 1030 3058 cur·
1054 2996 1166 3058 anaim
1189 3003 1269 3059 esset

232 3120 286 3176 aut
308 3115 517 3198 suspicaretur
540 3135 571 3176 se
595 3113 666 3177 odio
691 3135 756 3177 esse
779 3112 932 3197 Principi‚
957 3112 1035 3176 nibil
1060 3120 1125 3176 erat
1148 3135 1266 3178 causae.

232 3236 275 3295 At
297 3253 371 3295 num
395 3240 497 3296 tamen
520 3234 632 3296 ancias
654 3231 736 3295 fuit?
768 3231 857 3295 Nihil
881 3232 993 3295 minus.
1030 3231 1130 3295 Nemo
1153 3234 1267 3297 maiore

232 3373 302 3415 cum
326 3352 439 3415 fidncia
460 3362 490 3415 et
506 3352 687 3429 securitate,
705 3373 794 3415 nemo
810 3351 938 3414 liberius
954 3351 1165 3436 magistratum
1187 3374 1268 3416 exer·

232 3492 298 3534 cere
315 3493 452 3555 unquam
468 3471 572 3555 potuit
590 3493 682 3554 qnam
698 3470 750 3534 ille
767 3471 848 3534 fecit.
878 3469 963 3550 Quid
980 3470 1083 3535 enim?
1106 3471 1268 3535 Tumultu·

235 3592 358 3655 antibus
381 3591 533 3656 militibus
557 3615 613 3656 suo
637 3592 737 3655 Marte
757 3595 851 3678 strepit
875 3594 1035 3677 epistolam
1058 3593 1190 3670 Tiberii,
1207 3616 1268 3677 qua

235 3733 271 3774 ea
293 3711 330 3774 iis
354 3711 514 3794 indulget,
539 3735 618 3795 quae
641 3734 778 3774 severum
802 3713 1016 3796 imperatorem
1040 3735 1207 3796 numquam
1225 3736 1269 3776 se·

239 3830 358 3893 ditionis
375 3830 549 3914 legionibus
565 3852 780 3894 concessurum
797 3830 890 3893 fuisse
908 3830 1001 3914 probe
1013 3831 1138 3907 sciebat,
1152 3831 1270 3894 etiamsi

187 4022 188 4025 Ἴ
236 3949 379 4033 deinceps
408 3949 501 4012 semel
532 3971 675 4013 concessa
699 3971 716 4012 a
739 3949 803 4011 filio
826 3949 912 4011 irrita
939 3948 1036 4012 facere
1063 3949 1270 4032 periculosum

236 4071 407 4133 aestimavit
431 4091 457 4132 c.
476 4072 534 4147 36;
560 4079 651 4153 atque
674 4069 814 4132 universe
830 4069 863 4131 in
883 4068 1106 4152 exstinguenda
1122 4068 1271 4132 seditione

236 4186 280 4249 ita
303 4194 438 4249 versatus
455 4193 515 4263 est,
534 4193 569 4249 ut
586 4185 681 4269 patris
697 4184 962 4268 reprehensionem
979 4206 1039 4246 non
1056 4184 1146 4247 ancre
1162 4184 1272 4247 vitaret
