<?xml version="1.0" encoding="UTF-8"?>
<!DOCTYPE html PUBLIC "-//W3C//DTD XHTML 1.0 Transitional//EN"
    "http://www.w3.org/TR/xhtml1/DTD/xhtml1-transitional.dtd">
<html xmlns="http://www.w3.org/1999/xhtml" xml:lang="en" lang="en">
 <head>
  <title>
</title>
<meta http-equiv="Content-Type" content="text/html;charset=utf-8" />
  <meta name='ocr-system' content='tesseract 3.04.00' />
  <meta name='ocr-capabilities' content='ocr_page ocr_carea ocr_par ocr_line ocrx_word'/>
</head>
<body>
  <div class='ocr_page' id='page_1' title='image "./depctacitifidei00karsgoog_0107.png"; bbox 0 0 3008 4920; ppageno 0'>
   <div class='ocr_carea' id='block_1_1' title="bbox 728 415 830 476">
    <p class='ocr_par' dir='ltr' id='par_1_1' title="bbox 728 415 830 476">
     <span class='ocr_line' id='line_1_1' title="bbox 728 415 830 476; baseline 0.029 -3"><span class='ocrx_word' id='word_1_1' title='bbox 728 415 830 476; x_wconf 71' lang='grc'>91,</span> 
     </span>
    </p>
   </div>
   <div class='ocr_carea' id='block_1_2' title="bbox 232 615 1267 706">
    <p class='ocr_par' dir='ltr' id='par_1_2' title="bbox 232 615 1267 706">
     <span class='ocr_line' id='line_1_2' title="bbox 232 615 1267 706; baseline 0.009 -28"><span class='ocrx_word' id='word_1_2' title='bbox 232 615 345 679; x_wconf 88' lang='lat' dir='ltr'>civium</span> <span class='ocrx_word' id='word_1_3' title='bbox 371 627 449 680; x_wconf 87' lang='lat' dir='ltr'>esset</span> <span class='ocrx_word' id='word_1_4' title='bbox 473 617 646 702; x_wconf 77' lang='lat' dir='ltr'>amplexum</span> <span class='ocrx_word' id='word_1_5' title='bbox 661 621 804 706; x_wconf 86' lang='lat' dir='ltr'>apparuit</span> <span class='ocrx_word' id='word_1_6' title='bbox 820 621 851 686; x_wconf 89' lang='lat' dir='ltr'>in</span> <span class='ocrx_word' id='word_1_7' title='bbox 870 621 990 689; x_wconf 86' lang='lat' dir='ltr'>Pisonis</span> <span class='ocrx_word' id='word_1_8' title='bbox 1008 623 1121 688; x_wconf 91' lang='lat' dir='ltr'>iudicio</span> <span class='ocrx_word' id='word_1_9' title='bbox 1140 624 1191 688; x_wconf 79' lang='lat'>111</span> <span class='ocrx_word' id='word_1_10' title='bbox 1212 627 1267 688; x_wconf 78' lang='lat'>14:</span> 
     </span>
    </p>
   </div>
   <div class='ocr_carea' id='block_1_3' title="bbox 231 737 1267 827">
    <p class='ocr_par' dir='ltr' id='par_1_3' title="bbox 231 737 1267 827">
     <span class='ocr_line' id='line_1_3' title="bbox 231 737 1267 827; baseline 0.011 -31"><span class='ocrx_word' id='word_1_11' title='bbox 231 737 326 796; x_wconf 79' lang='lat' dir='ltr'>simul</span> <span class='ocrx_word' id='word_1_12' title='bbox 343 738 544 818; x_wconf 70' lang='lat' dir='ltr'>propellente</span> <span class='ocrx_word' id='word_1_13' title='bbox 567 739 682 800; x_wconf 81' lang='lat' dir='ltr'>curium</span> <span class='ocrx_word' id='word_1_14' title='bbox 707 762 790 802; x_wconf 76' lang='lat' dir='ltr'>crocea</span> <span class='ocrx_word' id='word_1_15' title='bbox 815 742 1029 818; x_wconf 75' lang='lat' dir='ltr'>audiebantur,</span> <span class='ocrx_word' id='word_1_16' title='bbox 1048 767 1103 805; x_wconf 85' lang='lat' dir='ltr'>aon</span> <span class='ocrx_word' id='word_1_17' title='bbox 1122 752 1267 827; x_wconf 82' lang='lat' dir='ltr'>temperu-</span> 
     </span>
    </p>
   </div>
   <div class='ocr_carea' id='block_1_4' title="bbox 233 861 1268 952">
    <p class='ocr_par' dir='ltr' id='par_1_4' title="bbox 233 861 1268 952">
     <span class='ocr_line' id='line_1_4' title="bbox 233 861 1268 952; baseline 0.011 -33"><span class='ocrx_word' id='word_1_18' title='bbox 233 866 316 920; x_wconf 83' lang='lat' dir='ltr'>taror</span> <span class='ocrx_word' id='word_1_19' title='bbox 340 861 491 933; x_wconf 79' lang='lat' dir='ltr'>munitur,</span> <span class='ocrx_word' id='word_1_20' title='bbox 516 862 545 922; x_wconf 79' lang='lat' dir='ltr'>ai</span> <span class='ocrx_word' id='word_1_21' title='bbox 566 870 686 943; x_wconf 81' lang='lat' dir='ltr'>patrum</span> <span class='ocrx_word' id='word_1_22' title='bbox 711 866 878 926; x_wconf 72' lang='lat' dir='ltr'>candentiae</span> <span class='ocrx_word' id='word_1_23' title='bbox 894 867 1048 933; x_wconf 75' lang='lat' dir='ltr'>erasisset,</span> <span class='ocrx_word' id='word_1_24' title='bbox 1084 869 1268 952; x_wconf 74' lang='lat' dir='ltr'>Idffipiesque</span> 
     </span>
    </p>
   </div>
   <div class='ocr_carea' id='block_1_5' title="bbox 138 978 1271 4293">
    <p class='ocr_par' dir='ltr' id='par_1_5' title="bbox 231 978 1269 1407">
     <span class='ocr_line' id='line_1_5' title="bbox 235 978 1269 1067; baseline 0.009 -27"><span class='ocrx_word' id='word_1_25' title='bbox 235 978 358 1040; x_wconf 80' lang='lat' dir='ltr'>Pisonis</span> <span class='ocrx_word' id='word_1_26' title='bbox 389 986 546 1042; x_wconf 78' lang='lat' dir='ltr'>traueraat</span> <span class='ocrx_word' id='word_1_27' title='bbox 577 985 608 1042; x_wconf 80' lang='lat' dir='ltr'>iu</span> <span class='ocrx_word' id='word_1_28' title='bbox 642 982 803 1045; x_wconf 76' lang='lat' dir='ltr'>Gemonios</span> <span class='ocrx_word' id='word_1_29' title='bbox 856 982 1003 1048; x_wconf 80' lang='lat' dir='ltr'>Similiter</span> <span class='ocrx_word' id='word_1_30' title='bbox 1026 985 1054 1047; x_wconf 84' lang='lat' dir='ltr'><strong>V</strong></span> <span class='ocrx_word' id='word_1_31' title='bbox 1078 988 1116 1049; x_wconf 77' lang='lat'>4:</span> <span class='ocrx_word' id='word_1_32' title='bbox 1139 988 1269 1067; x_wconf 78' lang='lat' dir='ltr'>populus</span> 
     </span>
     <span class='ocr_line' id='line_1_6' title="bbox 232 1097 1269 1182; baseline 0.011 -25"><span class='ocrx_word' id='word_1_33' title='bbox 232 1097 354 1180; x_wconf 76' lang='lat' dir='ltr'>effipiea</span> <span class='ocrx_word' id='word_1_34' title='bbox 379 1099 565 1180; x_wconf 76' lang='lat' dir='ltr'>Aprippr&#39;uue</span> <span class='ocrx_word' id='word_1_35' title='bbox 589 1123 625 1162; x_wconf 86' lang='lat' dir='ltr'>or</span> <span class='ocrx_word' id='word_1_36' title='bbox 654 1101 781 1164; x_wconf 82' lang='lat' dir='ltr'>Neronia</span> <span class='ocrx_word' id='word_1_37' title='bbox 805 1125 910 1182; x_wconf 78' lang='lat' dir='ltr'>perena</span> <span class='ocrx_word' id='word_1_38' title='bbox 934 1105 1128 1167; x_wconf 68' lang='lat' dir='ltr'>circumdedit</span> <span class='ocrx_word' id='word_1_39' title='bbox 1153 1107 1269 1168; x_wconf 82' lang='lat' dir='ltr'>curium</span> 
     </span>
     <span class='ocr_line' id='line_1_7' title="bbox 231 1217 1269 1309; baseline 0.009 -30"><span class='ocrx_word' id='word_1_40' title='bbox 231 1239 296 1302; x_wconf 88' lang='lat' dir='ltr'>sqq.</span> <span class='ocrx_word' id='word_1_41' title='bbox 345 1217 485 1302; x_wconf 87' lang='lat' dir='ltr'>Denique</span> <span class='ocrx_word' id='word_1_42' title='bbox 504 1219 550 1282; x_wconf 82' lang='lat' dir='ltr'>IV</span> <span class='ocrx_word' id='word_1_43' title='bbox 579 1224 634 1284; x_wconf 78' lang='lat'>12:</span> <span class='ocrx_word' id='word_1_44' title='bbox 668 1223 830 1284; x_wconf 69' lang='lat' dir='ltr'>Seruatus</span> <span class='ocrx_word' id='word_1_45' title='bbox 852 1225 1088 1309; x_wconf 79' lang='lat' dir='ltr'>populusque</span> <span class='ocrx_word' id='word_1_46' title='bbox 1214 1228 1269 1288; x_wconf 84' lang='lat' dir='ltr'>do-</span> 
     </span>
     <span class='ocr_line' id='line_1_8' title="bbox 231 1341 1161 1407; baseline 0.008 -7"><span class='ocrx_word' id='word_1_47' title='bbox 231 1361 319 1400; x_wconf 85' lang='lat' dir='ltr'>mum</span> <span class='ocrx_word' id='word_1_48' title='bbox 349 1341 564 1402; x_wconf 75' lang='lat' dir='ltr'>Germanici</span> <span class='ocrx_word' id='word_1_49' title='bbox 587 1343 764 1405; x_wconf 76' lang='lat' dir='ltr'>reuirescere</span> <span class='ocrx_word' id='word_1_50' title='bbox 790 1342 933 1404; x_wconf 81' lang='lat' dir='ltr'>occulti</span> <span class='ocrx_word' id='word_1_51' title='bbox 958 1343 1161 1407; x_wconf 81' lang='lat' dir='ltr'>laetabuntur.</span> 
     </span>
    </p>

    <p class='ocr_par' dir='ltr' id='par_1_6' title="bbox 138 1457 1271 4293">
     <span class='ocr_line' id='line_1_9' title="bbox 277 1457 1269 1542; baseline 0.007 -23"><span class='ocrx_word' id='word_1_52' title='bbox 277 1457 351 1520; x_wconf 83' lang='lat' dir='ltr'>Erat</span> <span class='ocrx_word' id='word_1_53' title='bbox 376 1460 472 1542; x_wconf 89' lang='lat' dir='ltr'>igitur</span> <span class='ocrx_word' id='word_1_54' title='bbox 493 1459 612 1523; x_wconf 78' lang='lat' dir='ltr'>discors</span> <span class='ocrx_word' id='word_1_55' title='bbox 636 1460 723 1536; x_wconf 90' lang='lat' dir='ltr'>aula,</span> <span class='ocrx_word' id='word_1_56' title='bbox 748 1460 864 1524; x_wconf 84' lang='lat' dir='ltr'>discors</span> <span class='ocrx_word' id='word_1_57' title='bbox 892 1462 1017 1539; x_wconf 88' lang='lat' dir='ltr'>civitas,</span> <span class='ocrx_word' id='word_1_58' title='bbox 1044 1463 1160 1526; x_wconf 89' lang='lat' dir='ltr'>scilicet</span> <span class='ocrx_word' id='word_1_59' title='bbox 1185 1463 1269 1526; x_wconf 88' lang='lat' dir='ltr'>urbis</span> 
     </span>
     <span class='ocr_line' id='line_1_10' title="bbox 232 1578 1268 1665; baseline 0.005 -25"><span class='ocrx_word' id='word_1_60' title='bbox 232 1578 369 1655; x_wconf 84' lang='lat' dir='ltr'>incolae,</span> <span class='ocrx_word' id='word_1_61' title='bbox 404 1579 509 1642; x_wconf 87' lang='lat' dir='ltr'>divisis</span> <span class='ocrx_word' id='word_1_62' title='bbox 539 1580 620 1644; x_wconf 87' lang='lat' dir='ltr'>inter</span> <span class='ocrx_word' id='word_1_63' title='bbox 651 1579 805 1645; x_wconf 82' lang='lat' dir='ltr'>Tiberium</span> <span class='ocrx_word' id='word_1_64' title='bbox 842 1580 1120 1665; x_wconf 87' lang='lat' dir='ltr'>Germanicumque</span> <span class='ocrx_word' id='word_1_65' title='bbox 1149 1581 1268 1645; x_wconf 89' lang='lat' dir='ltr'>animis.</span> 
     </span>
     <span class='ocr_line' id='line_1_11' title="bbox 234 1697 1268 1783; baseline 0.006 -23"><span class='ocrx_word' id='word_1_66' title='bbox 234 1697 336 1760; x_wconf 89' lang='lat' dir='ltr'>Huius</span> <span class='ocrx_word' id='word_1_67' title='bbox 363 1705 464 1760; x_wconf 88' lang='lat' dir='ltr'>autem</span> <span class='ocrx_word' id='word_1_68' title='bbox 489 1697 689 1760; x_wconf 83' lang='lat' dir='ltr'>dissensionis</span> <span class='ocrx_word' id='word_1_69' title='bbox 714 1699 800 1782; x_wconf 89' lang='lat' dir='ltr'>origo</span> <span class='ocrx_word' id='word_1_70' title='bbox 825 1721 886 1762; x_wconf 90' lang='lat' dir='ltr'>non</span> <span class='ocrx_word' id='word_1_71' title='bbox 910 1699 1001 1783; x_wconf 89' lang='lat' dir='ltr'>louge</span> <span class='ocrx_word' id='word_1_72' title='bbox 1025 1699 1197 1783; x_wconf 86' lang='lat' dir='ltr'>quaerenda</span> <span class='ocrx_word' id='word_1_73' title='bbox 1213 1711 1268 1766; x_wconf 91' lang='lat' dir='ltr'>est.</span> 
     </span>
     <span class='ocr_line' id='line_1_12' title="bbox 234 1817 1269 1906; baseline 0.003 -26"><span class='ocrx_word' id='word_1_74' title='bbox 234 1817 323 1880; x_wconf 85' lang='lat' dir='ltr'>Cives</span> <span class='ocrx_word' id='word_1_75' title='bbox 345 1818 436 1900; x_wconf 84' lang='lat' dir='ltr'>longe</span> <span class='ocrx_word' id='word_1_76' title='bbox 462 1819 588 1902; x_wconf 90' lang='lat' dir='ltr'>plurimi</span> <span class='ocrx_word' id='word_1_77' title='bbox 612 1818 638 1881; x_wconf 90' lang='lat' dir='ltr'>I.</span> <span class='ocrx_word' id='word_1_78' title='bbox 668 1818 805 1882; x_wconf 80' lang='lat' dir='ltr'>Caesaris</span> <span class='ocrx_word' id='word_1_79' title='bbox 831 1821 1028 1904; x_wconf 86' lang='lat' dir='ltr'>Augustique</span> <span class='ocrx_word' id='word_1_80' title='bbox 1051 1820 1178 1884; x_wconf 90' lang='lat' dir='ltr'>domum</span> <span class='ocrx_word' id='word_1_81' title='bbox 1204 1843 1269 1906; x_wconf 89' lang='lat' dir='ltr'>per·</span> 
     </span>
     <span class='ocr_line' id='line_1_13' title="bbox 233 1937 1268 2022; baseline 0 -22"><span class='ocrx_word' id='word_1_82' title='bbox 233 1959 330 2000; x_wconf 88' lang='lat' dir='ltr'>earam</span> <span class='ocrx_word' id='word_1_83' title='bbox 356 1937 510 2000; x_wconf 87' lang='lat' dir='ltr'>habebant</span> <span class='ocrx_word' id='word_1_84' title='bbox 535 1945 623 1999; x_wconf 85' lang='lat' dir='ltr'>etex</span> <span class='ocrx_word' id='word_1_85' title='bbox 650 1937 705 1999; x_wconf 91' lang='lat' dir='ltr'>hac</span> <span class='ocrx_word' id='word_1_86' title='bbox 733 1938 821 2021; x_wconf 87' lang='lat' dir='ltr'>regni</span> <span class='ocrx_word' id='word_1_87' title='bbox 844 1960 1050 2001; x_wconf 84' lang='lat' dir='ltr'>successorem</span> <span class='ocrx_word' id='word_1_88' title='bbox 1075 1938 1268 2022; x_wconf 89' lang='lat' dir='ltr'>proditurum</span> 
     </span>
     <span class='ocr_line' id='line_1_14' title="bbox 234 2056 1269 2140; baseline 0.001 -21"><span class='ocrx_word' id='word_1_89' title='bbox 234 2056 352 2120; x_wconf 90' lang='lat' dir='ltr'>dudum</span> <span class='ocrx_word' id='word_1_90' title='bbox 382 2064 586 2140; x_wconf 88' lang='lat' dir='ltr'>speraverant.</span> <span class='ocrx_word' id='word_1_91' title='bbox 634 2057 774 2120; x_wconf 82' lang='lat' dir='ltr'>Tiberius</span> <span class='ocrx_word' id='word_1_92' title='bbox 809 2076 879 2120; x_wconf 87' lang='lat' dir='ltr'>vero</span> <span class='ocrx_word' id='word_1_93' title='bbox 915 2080 975 2120; x_wconf 91' lang='lat' dir='ltr'>noa</span> <span class='ocrx_word' id='word_1_94' title='bbox 1008 2058 1180 2134; x_wconf 83' lang='lat' dir='ltr'>natalibus,</span> <span class='ocrx_word' id='word_1_95' title='bbox 1217 2057 1269 2120; x_wconf 88' lang='lat' dir='ltr'>sed</span> 
     </span>
     <span class='ocr_line' id='line_1_15' title="bbox 234 2176 1269 2261; baseline 0.001 -22"><span class='ocrx_word' id='word_1_96' title='bbox 234 2177 397 2261; x_wconf 80' lang='lat' dir='ltr'>adoptione</span> <span class='ocrx_word' id='word_1_97' title='bbox 435 2186 553 2240; x_wconf 85' lang='lat' dir='ltr'>tantum</span> <span class='ocrx_word' id='word_1_98' title='bbox 586 2199 620 2239; x_wconf 90' lang='lat' dir='ltr'>ac</span> <span class='ocrx_word' id='word_1_99' title='bbox 644 2176 728 2239; x_wconf 87' lang='lat' dir='ltr'>brevi</span> <span class='ocrx_word' id='word_1_100' title='bbox 756 2185 786 2240; x_wconf 91' lang='grc'>11</span> <span class='ocrx_word' id='word_1_101' title='bbox 814 2177 949 2240; x_wconf 85' lang='lat' dir='ltr'>infausto</span> <span class='ocrx_word' id='word_1_102' title='bbox 976 2178 1171 2240; x_wconf 85' lang='lat' dir='ltr'>matrimonio</span> <span class='ocrx_word' id='word_1_103' title='bbox 1199 2199 1269 2240; x_wconf 89' lang='lat' dir='ltr'>cum</span> 
     </span>
     <span class='ocr_line' id='line_1_16' title="bbox 235 2296 1271 2380; baseline -0.001 -20"><span class='ocrx_word' id='word_1_104' title='bbox 235 2297 333 2373; x_wconf 86' lang='lat' dir='ltr'>Iulia,</span> <span class='ocrx_word' id='word_1_105' title='bbox 361 2297 398 2360; x_wconf 92' lang='lat' dir='ltr'>ad</span> <span class='ocrx_word' id='word_1_106' title='bbox 420 2297 505 2360; x_wconf 89' lang='lat' dir='ltr'>illam</span> <span class='ocrx_word' id='word_1_107' title='bbox 529 2296 656 2360; x_wconf 90' lang='lat' dir='ltr'>domum</span> <span class='ocrx_word' id='word_1_108' title='bbox 680 2297 868 2380; x_wconf 81' lang='lat' dir='ltr'>pertinebat,</span> <span class='ocrx_word' id='word_1_109' title='bbox 894 2298 967 2360; x_wconf 90' lang='lat' dir='ltr'>dum</span> <span class='ocrx_word' id='word_1_110' title='bbox 992 2297 1193 2360; x_wconf 89' lang='lat' dir='ltr'>Germanicus</span> <span class='ocrx_word' id='word_1_111' title='bbox 1218 2297 1271 2359; x_wconf 88' lang='lat' dir='ltr'>tri-</span> 
     </span>
     <span class='ocr_line' id='line_1_17' title="bbox 234 2416 1269 2500; baseline -0.001 -21"><span class='ocrx_word' id='word_1_112' title='bbox 234 2417 308 2500; x_wconf 87' lang='lat' dir='ltr'>plici</span> <span class='ocrx_word' id='word_1_113' title='bbox 333 2416 454 2480; x_wconf 88' lang='lat' dir='ltr'>vinculo</span> <span class='ocrx_word' id='word_1_114' title='bbox 478 2419 505 2480; x_wconf 89' lang='lat' dir='ltr'>ei</span> <span class='ocrx_word' id='word_1_115' title='bbox 530 2426 594 2483; x_wconf 86' lang='lat' dir='ltr'>erat</span> <span class='ocrx_word' id='word_1_116' title='bbox 617 2436 791 2493; x_wconf 81' lang='lat' dir='ltr'>connexus,</span> <span class='ocrx_word' id='word_1_117' title='bbox 809 2418 941 2500; x_wconf 87' lang='lat' dir='ltr'>primum</span> <span class='ocrx_word' id='word_1_118' title='bbox 958 2425 1044 2499; x_wconf 85' lang='lat' dir='ltr'>patre</span> <span class='ocrx_word' id='word_1_119' title='bbox 1061 2417 1179 2493; x_wconf 82' lang='lat' dir='ltr'>Druso,</span> <span class='ocrx_word' id='word_1_120' title='bbox 1196 2425 1269 2479; x_wconf 90' lang='lat' dir='ltr'>nato</span> 
     </span>
     <span class='ocr_line' id='line_1_18' title="bbox 233 2534 1269 2618; baseline -0.001 -20"><span class='ocrx_word' id='word_1_121' title='bbox 233 2537 336 2613; x_wconf 89' lang='lat' dir='ltr'>„iutra</span> <span class='ocrx_word' id='word_1_122' title='bbox 374 2544 497 2618; x_wconf 87' lang='lat' dir='ltr'>penates</span> <span class='ocrx_word' id='word_1_123' title='bbox 533 2534 733 2610; x_wconf 86' lang='lat' dir='ltr'>Octaviani,”</span> <span class='ocrx_word' id='word_1_124' title='bbox 765 2536 815 2597; x_wconf 91' lang='lat' dir='ltr'>cui</span> <span class='ocrx_word' id='word_1_125' title='bbox 850 2544 947 2597; x_wconf 89' lang='lat' dir='ltr'>mater</span> <span class='ocrx_word' id='word_1_126' title='bbox 982 2535 1081 2598; x_wconf 90' lang='lat' dir='ltr'>tribus</span> <span class='ocrx_word' id='word_1_127' title='bbox 1112 2536 1269 2598; x_wconf 88' lang='lat' dir='ltr'>mensibus</span> 
     </span>
     <span class='ocr_line' id='line_1_19' title="bbox 234 2652 1271 2743; baseline 0.002 -27"><span class='ocrx_word' id='word_1_128' title='bbox 234 2665 304 2717; x_wconf 90' lang='grc'><strong>11111</strong></span> <span class='ocrx_word' id='word_1_129' title='bbox 336 2653 460 2743; x_wconf 85' lang='lat' dir='ltr'>gravida</span> <span class='ocrx_word' id='word_1_130' title='bbox 494 2663 639 2737; x_wconf 80' lang='lat' dir='ltr'>nupserat</span> <span class='ocrx_word' id='word_1_131' title='bbox 666 2652 762 2740; x_wconf 73' lang='lat' dir='ltr'>(Suet.</span> <span class='ocrx_word' id='word_1_132' title='bbox 789 2652 899 2716; x_wconf 82' lang='lat' dir='ltr'>Claud.</span> <span class='ocrx_word' id='word_1_133' title='bbox 924 2657 968 2736; x_wconf 84' lang='lat' dir='ltr'>l),</span> <span class='ocrx_word' id='word_1_134' title='bbox 993 2653 1064 2718; x_wconf 89' lang='lat' dir='ltr'>dein</span> <span class='ocrx_word' id='word_1_135' title='bbox 1089 2664 1185 2718; x_wconf 89' lang='lat' dir='ltr'>matre</span> <span class='ocrx_word' id='word_1_136' title='bbox 1209 2657 1271 2718; x_wconf 89' lang='lat' dir='ltr'>Au·</span> 
     </span>
     <span class='ocr_line' id='line_1_20' title="bbox 234 2774 1271 2859; baseline -0.001 -23"><span class='ocrx_word' id='word_1_137' title='bbox 234 2775 317 2838; x_wconf 91' lang='lat' dir='ltr'>tonia</span> <span class='ocrx_word' id='word_1_138' title='bbox 334 2775 467 2857; x_wconf 84' lang='lat' dir='ltr'>Augusti</span> <span class='ocrx_word' id='word_1_139' title='bbox 495 2795 611 2850; x_wconf 89' lang='lat' dir='ltr'>sorore,</span> <span class='ocrx_word' id='word_1_140' title='bbox 637 2775 762 2836; x_wconf 89' lang='lat' dir='ltr'>tertium</span> <span class='ocrx_word' id='word_1_141' title='bbox 776 2796 869 2836; x_wconf 78' lang='lat' dir='ltr'>uxore</span> <span class='ocrx_word' id='word_1_142' title='bbox 884 2774 1065 2857; x_wconf 84' lang='lat' dir='ltr'>Agrippina,</span> <span class='ocrx_word' id='word_1_143' title='bbox 1091 2796 1168 2859; x_wconf 88' lang='lat' dir='ltr'>quae</span> <span class='ocrx_word' id='word_1_144' title='bbox 1192 2775 1271 2838; x_wconf 91' lang='lat' dir='ltr'>eius·</span> 
     </span>
     <span class='ocr_line' id='line_1_21' title="bbox 138 2871 1268 2976; baseline -0.002 -22"><span class='ocrx_word' id='word_1_145' title='bbox 138 2947 141 2954; x_wconf 92' lang='lat'>.</span> <span class='ocrx_word' id='word_1_146' title='bbox 233 2892 301 2959; x_wconf 90' lang='lat' dir='ltr'>dem</span> <span class='ocrx_word' id='word_1_147' title='bbox 336 2901 400 2958; x_wconf 89' lang='lat' dir='ltr'>erat</span> <span class='ocrx_word' id='word_1_148' title='bbox 432 2892 540 2976; x_wconf 86' lang='lat' dir='ltr'>neptis.</span> <span class='ocrx_word' id='word_1_149' title='bbox 588 2871 755 2974; x_wconf 78' lang='lat' dir='ltr'>Postquam</span> <span class='ocrx_word' id='word_1_150' title='bbox 785 2891 881 2974; x_wconf 87' lang='lat' dir='ltr'>igitur</span> <span class='ocrx_word' id='word_1_151' title='bbox 904 2890 1087 2967; x_wconf 85' lang='lat' dir='ltr'>Marcellus,</span> <span class='ocrx_word' id='word_1_152' title='bbox 1113 2892 1268 2974; x_wconf 86' lang='lat' dir='ltr'>Agrippa,</span> 
     </span>
     <span class='ocr_line' id='line_1_22' title="bbox 235 3009 1268 3095; baseline -0.003 -20"><span class='ocrx_word' id='word_1_153' title='bbox 235 3012 372 3087; x_wconf 86' lang='lat' dir='ltr'>Drusus,</span> <span class='ocrx_word' id='word_1_154' title='bbox 408 3033 478 3073; x_wconf 84' lang='lat' dir='ltr'>mox</span> <span class='ocrx_word' id='word_1_155' title='bbox 503 3011 593 3073; x_wconf 88' lang='lat' dir='ltr'>etiam</span> <span class='ocrx_word' id='word_1_156' title='bbox 619 3009 711 3074; x_wconf 86' lang='lat' dir='ltr'>Caius</span> <span class='ocrx_word' id='word_1_157' title='bbox 735 3024 766 3074; x_wconf 89' lang='lat' dir='ltr'>et</span> <span class='ocrx_word' id='word_1_158' title='bbox 790 3011 925 3087; x_wconf 89' lang='lat' dir='ltr'>Lucius,</span> <span class='ocrx_word' id='word_1_159' title='bbox 959 3013 1094 3094; x_wconf 83' lang='lat' dir='ltr'>Augusti</span> <span class='ocrx_word' id='word_1_160' title='bbox 1124 3021 1268 3095; x_wconf 84' lang='lat' dir='ltr'>nepotes,</span> 
     </span>
     <span class='ocr_line' id='line_1_23' title="bbox 236 3130 1270 3216; baseline -0.003 -21"><span class='ocrx_word' id='word_1_161' title='bbox 236 3133 392 3209; x_wconf 84' lang='lat' dir='ltr'>obierant,</span> <span class='ocrx_word' id='word_1_162' title='bbox 420 3156 454 3196; x_wconf 90' lang='lat' dir='ltr'>ac</span> <span class='ocrx_word' id='word_1_163' title='bbox 478 3133 610 3216; x_wconf 88' lang='lat' dir='ltr'>primum</span> <span class='ocrx_word' id='word_1_164' title='bbox 636 3132 717 3194; x_wconf 90' lang='lat' dir='ltr'>Iulia</span> <span class='ocrx_word' id='word_1_165' title='bbox 741 3133 876 3215; x_wconf 81' lang='lat' dir='ltr'>Augusti</span> <span class='ocrx_word' id='word_1_166' title='bbox 905 3132 984 3208; x_wconf 90' lang='lat' dir='ltr'>filia,</span> <span class='ocrx_word' id='word_1_167' title='bbox 1010 3131 1153 3215; x_wconf 90' lang='lat' dir='ltr'>deinceps</span> <span class='ocrx_word' id='word_1_168' title='bbox 1177 3130 1270 3194; x_wconf 91' lang='lat' dir='ltr'>huius</span> 
     </span>
     <span class='ocr_line' id='line_1_24' title="bbox 234 3250 1269 3337; baseline -0.005 -20"><span class='ocrx_word' id='word_1_169' title='bbox 234 3254 322 3318; x_wconf 88' lang='lat' dir='ltr'>liberi</span> <span class='ocrx_word' id='word_1_170' title='bbox 355 3253 436 3316; x_wconf 90' lang='lat' dir='ltr'>Iulia</span> <span class='ocrx_word' id='word_1_171' title='bbox 459 3252 493 3317; x_wconf 90' lang='grc' dir='ltr'>ΙΙ</span> <span class='ocrx_word' id='word_1_172' title='bbox 518 3259 548 3318; x_wconf 91' lang='grc'>11</span> <span class='ocrx_word' id='word_1_173' title='bbox 573 3253 711 3337; x_wconf 84' lang='lat' dir='ltr'>Agrippa</span> <span class='ocrx_word' id='word_1_174' title='bbox 738 3251 905 3315; x_wconf 88' lang='lat' dir='ltr'>Postumus</span> <span class='ocrx_word' id='word_1_175' title='bbox 929 3274 947 3313; x_wconf 90' lang='lat' dir='ltr'>a</span> <span class='ocrx_word' id='word_1_176' title='bbox 971 3259 1057 3334; x_wconf 87' lang='lat' dir='ltr'>patre</span> <span class='ocrx_word' id='word_1_177' title='bbox 1080 3251 1111 3314; x_wconf 90' lang='lat' dir='ltr'>iu</span> <span class='ocrx_word' id='word_1_178' title='bbox 1136 3250 1269 3313; x_wconf 89' lang='lat' dir='ltr'>insulam</span> 
     </span>
     <span class='ocr_line' id='line_1_25' title="bbox 233 3370 1269 3457; baseline -0.005 -20"><span class='ocrx_word' id='word_1_179' title='bbox 233 3383 321 3438; x_wconf 88' lang='lat' dir='ltr'>erant</span> <span class='ocrx_word' id='word_1_180' title='bbox 351 3373 492 3456; x_wconf 88' lang='lat' dir='ltr'>relegati,</span> <span class='ocrx_word' id='word_1_181' title='bbox 527 3381 618 3457; x_wconf 87' lang='lat' dir='ltr'>atque</span> <span class='ocrx_word' id='word_1_182' title='bbox 651 3394 686 3434; x_wconf 87' lang='lat' dir='ltr'>ex</span> <span class='ocrx_word' id='word_1_183' title='bbox 719 3379 805 3433; x_wconf 87' lang='lat' dir='ltr'>tanta</span> <span class='ocrx_word' id='word_1_184' title='bbox 835 3371 979 3454; x_wconf 88' lang='lat' dir='ltr'>progenie</span> <span class='ocrx_word' id='word_1_185' title='bbox 1010 3392 1073 3433; x_wconf 83' lang='lat' dir='ltr'>uria</span> <span class='ocrx_word' id='word_1_186' title='bbox 1098 3370 1269 3454; x_wconf 89' lang='lat' dir='ltr'>Agrippina</span> 
     </span>
     <span class='ocr_line' id='line_1_26' title="bbox 232 3488 1271 3572; baseline -0.004 -15"><span class='ocrx_word' id='word_1_187' title='bbox 232 3502 296 3557; x_wconf 89' lang='grc'><strong>1111</strong></span> <span class='ocrx_word' id='word_1_188' title='bbox 319 3493 424 3556; x_wconf 87' lang='lat' dir='ltr'>relicta</span> <span class='ocrx_word' id='word_1_189' title='bbox 448 3491 506 3561; x_wconf 70' lang='lat'>13</span> <span class='ocrx_word' id='word_1_190' title='bbox 531 3529 592 3567; x_wconf 92' lang='lat'>-,</span> <span class='ocrx_word' id='word_1_191' title='bbox 618 3491 649 3553; x_wconf 89' lang='lat' dir='ltr'>in</span> <span class='ocrx_word' id='word_1_192' title='bbox 676 3490 753 3554; x_wconf 84' lang='lat' dir='ltr'>lianc</span> <span class='ocrx_word' id='word_1_193' title='bbox 777 3498 808 3552; x_wconf 90' lang='lat' dir='ltr'>et</span> <span class='ocrx_word' id='word_1_194' title='bbox 831 3490 862 3552; x_wconf 94' lang='lat' dir='ltr'>in</span> <span class='ocrx_word' id='word_1_195' title='bbox 885 3489 977 3552; x_wconf 89' lang='lat' dir='ltr'>huius</span> <span class='ocrx_word' id='word_1_196' title='bbox 1005 3490 1168 3572; x_wconf 89' lang='lat' dir='ltr'>coniugem</span> <span class='ocrx_word' id='word_1_197' title='bbox 1197 3488 1271 3553; x_wconf 87' lang='lat' dir='ltr'>libe·</span> 
     </span>
     <span class='ocr_line' id='line_1_27' title="bbox 232 3609 1269 3698; baseline -0.006 -20"><span class='ocrx_word' id='word_1_198' title='bbox 232 3637 343 3698; x_wconf 90' lang='lat' dir='ltr'>rosque</span> <span class='ocrx_word' id='word_1_199' title='bbox 378 3613 517 3696; x_wconf 85' lang='lat' dir='ltr'>plerique</span> <span class='ocrx_word' id='word_1_200' title='bbox 553 3610 657 3674; x_wconf 90' lang='lat' dir='ltr'>0culos</span> <span class='ocrx_word' id='word_1_201' title='bbox 694 3609 910 3674; x_wconf 88' lang='lat' dir='ltr'>convertebant</span> <span class='ocrx_word' id='word_1_202' title='bbox 945 3609 1200 3692; x_wconf 87' lang='lat' dir='ltr'>quotiescumque</span> <span class='ocrx_word' id='word_1_203' title='bbox 1232 3609 1269 3672; x_wconf 85' lang='lat' dir='ltr'>de</span> 
     </span>
     <span class='ocr_line' id='line_1_28' title="bbox 234 3726 1269 3794; baseline -0.005 0"><span class='ocrx_word' id='word_1_204' title='bbox 234 3753 409 3794; x_wconf 84' lang='lat' dir='ltr'>successore</span> <span class='ocrx_word' id='word_1_205' title='bbox 433 3750 531 3792; x_wconf 88' lang='lat' dir='ltr'>sermo</span> <span class='ocrx_word' id='word_1_206' title='bbox 555 3728 714 3792; x_wconf 86' lang='lat' dir='ltr'>inciderat.</span> <span class='ocrx_word' id='word_1_207' title='bbox 764 3727 830 3790; x_wconf 90' lang='lat' dir='ltr'>Hoc</span> <span class='ocrx_word' id='word_1_208' title='bbox 854 3737 957 3791; x_wconf 89' lang='lat' dir='ltr'>autem</span> <span class='ocrx_word' id='word_1_209' title='bbox 976 3726 1115 3790; x_wconf 90' lang='lat' dir='ltr'>studium</span> <span class='ocrx_word' id='word_1_210' title='bbox 1136 3727 1269 3790; x_wconf 88' lang='lat' dir='ltr'>multum</span> 
     </span>
     <span class='ocr_line' id='line_1_29' title="bbox 234 3847 1267 3934; baseline -0.003 -21"><span class='ocrx_word' id='word_1_211' title='bbox 234 3850 403 3934; x_wconf 87' lang='lat' dir='ltr'>augebatur</span> <span class='ocrx_word' id='word_1_212' title='bbox 438 3848 556 3911; x_wconf 87' lang='lat' dir='ltr'>diversa</span> <span class='ocrx_word' id='word_1_213' title='bbox 591 3849 752 3933; x_wconf 90' lang='lat' dir='ltr'>utriusque</span> <span class='ocrx_word' id='word_1_214' title='bbox 787 3848 907 3924; x_wconf 74' lang='lat' dir='ltr'>indole,</span> <span class='ocrx_word' id='word_1_215' title='bbox 944 3849 1057 3912; x_wconf 88' lang='lat' dir='ltr'>etenim</span> <span class='ocrx_word' id='word_1_216' title='bbox 1092 3847 1267 3910; x_wconf 86' lang='lat' dir='ltr'>Germanici</span> 
     </span>
     <span class='ocr_line' id='line_1_30' title="bbox 234 3966 1267 4052; baseline -0.004 -20"><span class='ocrx_word' id='word_1_217' title='bbox 234 3991 331 4034; x_wconf 90' lang='lat' dir='ltr'>mores</span> <span class='ocrx_word' id='word_1_218' title='bbox 365 3976 395 4031; x_wconf 88' lang='lat' dir='ltr'>et</span> <span class='ocrx_word' id='word_1_219' title='bbox 425 3968 582 4052; x_wconf 89' lang='lat' dir='ltr'>ingenium</span> <span class='ocrx_word' id='word_1_220' title='bbox 613 3967 707 4030; x_wconf 90' lang='lat' dir='ltr'>Drusi</span> <span class='ocrx_word' id='word_1_221' title='bbox 743 3967 839 4050; x_wconf 89' lang='lat' dir='ltr'>patris</span> <span class='ocrx_word' id='word_1_222' title='bbox 873 3967 1000 4030; x_wconf 86' lang='lat' dir='ltr'>virtutes</span> <span class='ocrx_word' id='word_1_223' title='bbox 1030 3967 1061 4029; x_wconf 90' lang='lat' dir='ltr'>in</span> <span class='ocrx_word' id='word_1_224' title='bbox 1093 3966 1267 4029; x_wconf 88' lang='lat' dir='ltr'>memoriam</span> 
     </span>
     <span class='ocr_line' id='line_1_31' title="bbox 234 4089 1263 4173; baseline -0.004 -19"><span class='ocrx_word' id='word_1_225' title='bbox 234 4089 433 4165; x_wconf 88' lang='lat' dir='ltr'>revocabant,</span> <span class='ocrx_word' id='word_1_226' title='bbox 466 4111 562 4173; x_wconf 90' lang='lat' dir='ltr'>quum</span> <span class='ocrx_word' id='word_1_227' title='bbox 592 4089 723 4166; x_wconf 87' lang='lat' dir='ltr'>Tiberii,</span> <span class='ocrx_word' id='word_1_228' title='bbox 757 4097 881 4173; x_wconf 89' lang='lat' dir='ltr'>propter</span> <span class='ocrx_word' id='word_1_229' title='bbox 911 4110 1047 4172; x_wconf 87' lang='lat' dir='ltr'>asperam</span> <span class='ocrx_word' id='word_1_230' title='bbox 1077 4097 1107 4151; x_wconf 91' lang='lat' dir='ltr'>et</span> <span class='ocrx_word' id='word_1_231' title='bbox 1130 4109 1263 4151; x_wconf 88' lang='lat' dir='ltr'>severam</span> 
     </span>
     <span class='ocr_line' id='line_1_32' title="bbox 233 4205 1258 4293; baseline -0.005 -20"><span class='ocrx_word' id='word_1_232' title='bbox 233 4208 384 4286; x_wconf 90' lang='lat' dir='ltr'>indolem,</span> <span class='ocrx_word' id='word_1_233' title='bbox 409 4231 476 4272; x_wconf 88' lang='lat' dir='ltr'>rara</span> <span class='ocrx_word' id='word_1_234' title='bbox 491 4220 569 4271; x_wconf 87' lang='lat' dir='ltr'>esset</span> <span class='ocrx_word' id='word_1_235' title='bbox 585 4209 772 4293; x_wconf 88' lang='lat' dir='ltr'>popularitas</span> <span class='ocrx_word' id='word_1_236' title='bbox 789 4207 806 4270; x_wconf 95' lang='lat' dir='ltr'>I</span> <span class='ocrx_word' id='word_1_237' title='bbox 822 4210 875 4286; x_wconf 85' lang='grc'>33,</span> <span class='ocrx_word' id='word_1_238' title='bbox 899 4206 952 4270; x_wconf 94' lang='lat' dir='ltr'>III</span> <span class='ocrx_word' id='word_1_239' title='bbox 969 4209 1021 4270; x_wconf 89' lang='grc'>69.</span> <span class='ocrx_word' id='word_1_240' title='bbox 1048 4205 1258 4270; x_wconf 85' lang='lat' dir='ltr'>Nihilominus</span> 
     </span>
    </p>
   </div>
   <div class='ocr_carea' id='block_1_6' title="bbox 0 0 1511 4920">
    <p class='ocr_par' dir='ltr' id='par_1_7' title="bbox 0 0 1511 4920">
     <span class='ocr_line' id='line_1_33' title="bbox 0 0 1511 4920; baseline 0 0"><span class='ocrx_word' id='word_1_241' title='bbox 0 0 1511 4920; x_wconf 95' lang='lat' dir='ltr'> </span> 
     </span>
    </p>
   </div>
  </div>
 </body>
</html>
