3008 4920
739 408 779 473 97

243 629 338 696 quum
369 607 586 676 Germanicum
613 609 751 677 laudaret
775 617 922 692 „infidam
946 619 1153 699 orationem,”
1176 644 1272 706 quum

238 730 474 814 reprehenderet
505 733 603 810 „iram
634 733 716 796 haud
751 735 880 805 ulterius
912 758 1115 821 compressam
1124 741 1144 769 ''
1168 763 1273 825 argue·

239 848 331 924 baut,
362 857 455 932 atque
486 849 579 913 iidem
613 873 649 914 ex
673 854 864 943 revocatione
888 875 904 917 e
928 854 1045 932 Gallia,
1070 859 1214 922 missione
1237 861 1269 924 iu

240 966 395 1032 Orientem
429 978 459 1032 et
490 978 609 1034 matura
639 982 736 1035 morte
769 973 944 1039 Germanici
966 978 1055 1040 istam
1081 981 1267 1063 tragoediam

239 1086 410 1164 finxerunt,
435 1109 527 1170 quam
551 1110 644 1173 supra
667 1091 926 1174 perlustravimus.

284 1205 348 1270 Cur
371 1217 474 1270 autem
497 1208 569 1272 illae
593 1211 783 1293 suspiciones
806 1211 926 1276 tamdiu
949 1213 1180 1297 perduraverint
1205 1239 1266 1281 sae·

238 1326 306 1408 pius
330 1325 390 1387 iam
413 1325 627 1389 indicavimus.
674 1326 796 1391 Scilicet
818 1346 912 1392 causa
938 1333 1071 1415 partim
1098 1335 1197 1416 posita
1220 1344 1267 1398 est

237 1444 268 1506 in
293 1443 407 1507 Tiberii
430 1445 583 1521 moribus,
609 1445 647 1508 ad
667 1447 908 1511 reconciliandos
932 1450 1081 1514 alienatos
1104 1454 1220 1516 animos
1238 1463 1268 1518 et

237 1562 383 1645 prudenti
406 1547 549 1626 comitate
573 1563 771 1628 deleniendos
795 1568 920 1631 minime
946 1570 1042 1652 aptis,
1075 1571 1211 1655 partim
1236 1574 1268 1636 in

237 1680 302 1742 eius
333 1681 482 1762 regnandi
513 1683 646 1758 ratione,
684 1705 761 1765 quae
794 1706 849 1747 uec
873 1685 1066 1749 Plebeiorum
1090 1711 1145 1751 nec
1169 1689 1267 1752 Patri·

237 1798 352 1860 ciorum
376 1797 511 1861 deliciis:
536 1797 632 1875 ludis,
658 1801 943 1882 superstitionibus,
966 1805 1191 1885 provinciarum
1212 1807 1269 1869 im-

237 1921 327 2004 periis
352 1921 498 2005 aliisque,
525 1921 588 1984 ulla
616 1944 652 1984 ex
681 1931 765 2006 parte
789 1925 986 2009 indulgebat,
1010 1930 1145 2011 partim
1174 1931 1205 1993 lu
1230 1932 1268 1993 iis

236 2062 314 2122 quae
345 2047 450 2123 postea
481 2050 664 2117 evenerunt,
697 2042 778 2123 quod
812 2043 928 2106 indicat¹
954 2044 1135 2122 Suetonius,
1169 2036 1266 2131 quum

238 2158 345 2222 scribit
368 2180 393 2221 o.
420 2162 479 2221 52:
503 2180 591 2243 quam
614 2161 863 2240 suspicionem
888 2160 937 2244 (de
964 2161 1056 2225 caede
1079 2163 1265 2246 Germanici)

234 2279 471 2359 confirmauit
493 2278 573 2359 ipsc
592 2285 738 2358 postca,
761 2281 884 2360 coniupe
904 2280 1050 2342 etiamne
1072 2281 1175 2342 tiberis
1191 2286 1265 2344 Ger·

234 2396 347 2457 manici
369 2396 517 2458 crudelem
540 2398 572 2456 in
595 2399 710 2458 modeim
731 2398 864 2480 afflictis.
899 2395 1149 2486 Nondumenim
1169 2399 1266 2461 tristis

236 2535 269 2576 ao
301 2515 463 2597 suspiciosi
494 2514 579 2577 illius
611 2515 710 2578 exitus
741 2515 887 2578 memoria
914 2515 1155 2592 obdormiverat,
1189 2519 1266 2601 quin

234 2631 372 2706 insidiis,
410 2632 534 2694 structis
571 2632 658 2694 uxori
694 2631 877 2716 liberisque,
914 2630 1016 2695 denuo
1047 2633 1263 2709 suscitaretur,

234 2758 326 2835 atque
357 2750 388 2812 id
413 2749 495 2834 quod
527 2749 619 2812 multi
649 2751 903 2826 mussitaverant,
936 2749 1110 2812 recentibus
1134 2751 1263 2813 miseriis

233 2869 403 2932 confirmari
428 2868 590 2932 videretur.
638 2867 727 2931 Hanc
750 2870 852 2931 autem
876 2889 913 2931 ex
936 2889 1039 2931 rerum
1063 2877 1173 2931 eventu
1194 2890 1264 2932 con-

233 2988 400 3052 clusionem
431 3010 467 3051 ex
497 2997 582 3071 parte
606 2996 727 3051 tantum
752 3011 853 3051 veram
877 3010 958 3066 esse,
982 2988 1114 3073 illasque
1136 2988 1265 3067 insidias

233 3129 426 3191 nequaquam
442 3108 610 3184 aTiberio,
635 3108 688 3171 sed
712 3108 750 3171 ab
771 3130 834 3172 uno
850 3108 960 3172 Seiano
976 3109 1116 3173 inventas
1133 3116 1163 3173 et
1179 3131 1266 3192 para-

161 3223 167 3233 ’
233 3237 279 3291 tas
303 3249 385 3303 esse,
413 3226 631 3312 Tiberiumque
659 3227 696 3291 ab
725 3228 780 3290 illo
808 3250 869 3291 uon
897 3230 982 3314 prius
1010 3230 1169 3292 certiorem
1197 3251 1261 3292 esse

232 3347 361 3422 factum,
393 3368 484 3430 quam
516 3346 601 3410 illius
634 3347 774 3411 victimae
805 3347 858 3410 diu
890 3348 1047 3411 lacessitae
1079 3347 1181 3432 aliqua
1208 3349 1263 3411 cri·

232 3465 399 3528 minatione
423 3465 486 3547 peti
517 3487 605 3548 posse
636 3465 827 3542 viderentur,
860 3473 951 3548 atque
982 3467 1079 3549 igitur
1105 3465 1260 3529 Tiberium

232 3582 318 3646 nullo
349 3583 468 3666 privato
499 3581 588 3659 odio,
622 3582 674 3646 sed
698 3593 877 3666 corruptum
902 3582 939 3645 ab
963 3584 1060 3646 amico
1084 3604 1135 3645 eos
1160 3603 1262 3667 perse-

233 3708 339 3764 cutum
363 3723 444 3776 esse,
477 3700 550 3764 alibi
580 3703 622 3785 (p.
647 3703 688 3764 49
713 3701 745 3765 iu
770 3702 853 3784 ann.)
876 3701 936 3764 iam
967 3701 1099 3767 breviter
1130 3701 1263 3765 ostendi·

164 3887 166 3892 ,
233 3841 319 3895 mue,
356 3841 451 3902 quum
477 3841 673 3902 peromnem
697 3820 818 3882 illorum
847 3828 1020 3903 temporum
1048 3818 1205 3882 historiam
1229 3818 1259 3881 id

233 3938 375 4021 persequi
399 3937 436 4001 ab
460 3937 553 4000 huius
577 3937 719 4022 opusculi
743 3937 899 4021 proposito
923 3936 1057 3999 alienum
1080 3936 1130 3999 sit.

621 4147 813 4160 .......-.--
