3008 4920
730 439 771 503 88

233 661 371 716 sectator
406 652 542 736 turpisve
578 651 709 715 satelles.
766 651 875 735 ltaque
911 651 965 714 illa
998 649 1098 714 Taciti
1133 649 1269 733 suspicio

232 773 382 836 mittenda
417 782 471 835 est.
516 773 558 835 At
593 794 687 857 quare
722 772 754 835 in
787 772 884 855 ipsam
912 771 1029 855 Syriam
1057 771 1167 833 missus
1204 768 1270 833 est?

233 889 338 954 Dicam
365 890 447 975 quod
473 891 580 954 sentio.
616 889 685 953 Sive
701 889 773 954 Piso
790 890 964 974 provinciae
988 890 1122 974 regimen
1144 888 1266 966 ambiit,

232 1012 294 1074 sive
329 1011 499 1096 Imperator
530 1011 742 1075 turbulentum
778 1010 954 1074 Senatorem
988 1032 1024 1073 ex
1057 1008 1132 1074 urbe
1160 1010 1266 1073 demit·

231 1138 294 1195 tere
329 1131 471 1196 lubenter
506 1132 622 1208 voluit,
659 1131 852 1216 quaerendus
888 1139 952 1195 erat
987 1131 1094 1207 locus,
1126 1131 1157 1194 in
1190 1153 1267 1213 quo,

232 1252 351 1314 etiamsi
382 1251 541 1315 auderet
572 1252 687 1315 maiora
711 1251 828 1327 moliri,
853 1251 940 1335 copia
964 1272 1024 1314 non
1050 1251 1185 1314 daretur.
1226 1249 1267 1313 ut

232 1371 300 1453 quis
335 1380 399 1434 erat
435 1371 461 1433 is
496 1370 581 1433 locus
617 1369 677 1435 nisi
712 1369 799 1454 Syria
834 1370 1008 1454 provincia,
1042 1369 1096 1434 ubi
1121 1370 1178 1433 hoc
1201 1370 1269 1453 ipso

231 1498 367 1575 tempore
398 1489 566 1574 imperabat
596 1490 816 1567 Germanicus,
848 1491 959 1554 maiore
994 1492 1117 1570 imperio
1154 1513 1268 1575 quoquo

138 1627 140 1633 ’
231 1616 346 1676 adtraat
370 1636 458 1698 quam
481 1614 534 1698 qui
559 1613 717 1696 Principia
739 1615 855 1676 decreto
877 1619 963 1675 erant
979 1614 1065 1675 missi
1080 1614 1105 1694 ¹)
1121 1612 1266 1696 idemque

233 1732 324 1796 simul
356 1731 461 1795 Pisoni
491 1733 600 1795 ceteris
624 1731 716 1795 rebus
740 1731 879 1815 superior
903 1732 1083 1817 generisque
1107 1730 1270 1795 nobilitate

232 1875 295 1936 par.
325 1852 385 1915 Sed
410 1875 512 1916 nonne
534 1853 660 1916 oderant
685 1875 716 1915 se
741 1852 889 1928 invicem,
914 1859 949 1915 ut
973 1851 1150 1915 inimicitias
1174 1851 1266 1914 oritu-

233 1996 280 2037 ras
304 1997 369 2037 esse
393 1974 547 2058 provideri
578 1973 703 2058 posset?
733 1973 782 2038 Ne
807 1973 932 2039 Tacitus
956 1975 1079 2059 quidem
1105 1973 1162 2038 hoc
1187 1983 1268 2037 retu-

232 2095 287 2170 lit,
313 2095 344 2158 id
368 2117 429 2158 non
454 2118 525 2158 sane
542 2096 729 2172 omissurus‚
755 2095 779 2157 si
798 2094 1004 2179 undecunque
1020 2095 1136 2159 efficere
1154 2095 1268 2178 potuis-

235 2222 289 2278 set.
325 2213 420 2292 and
436 2222 539 2278 autem
557 2223 662 2298 postea
674 2213 745 2277 Piso
760 2214 885 2298 negotia
899 2213 1052 2277 facessivit
1065 2213 1266 2289 Germanico,

234 2333 265 2396 id
282 2355 344 2397 nou
361 2334 473 2396 mirum
497 2333 621 2416 cognita
644 2334 710 2396 eius
733 2332 854 2409 indole,
880 2331 974 2415 idque
997 2331 1126 2395 fortasse
1147 2352 1269 2415 prospe-

233 2458 341 2514 xerant
368 2451 498 2513 Senatus
519 2459 610 2535 atque
631 2451 781 2536 princeps,
803 2451 1043 2535 sperantesfore
1062 2449 1268 2514 utaCaesare

233 2571 321 2635 facile
353 2581 541 2636 coerceretur
549 2597 558 2649 ;
592 2573 704 2636 etenim
736 2572 838 2635 omnia
869 2594 903 2635 eo
935 2572 1056 2649 ducunt
1080 2578 1116 2635 ut
1142 2571 1265 2648 credas,

234 2690 374 2754 Pisonem
408 2690 510 2775 Syriae
548 2692 754 2776 praepositum
791 2713 857 2754 asse
887 2713 949 2755 non
983 2701 1018 2754 ut
1050 2691 1265 2755 Germanicum

160 2887 162 2892 Ι
233 2819 454 2892 compesceret,
480 2809 532 2872 sed
560 2818 595 2872 ut
619 2809 683 2893 ipse
707 2810 733 2872 si
758 2809 835 2892 quid
859 2809 1018 2873 moliretur
1042 2833 1059 2872 a
1082 2809 1265 2874 Germanico

233 2930 436 2994 cohiberetur.
462 2931 527 2994 Iam
560 2953 630 2995 vero
654 2931 861 3015 improvidum
886 2930 1128 3007 adolescentem,
1154 2939 1267 2994 temere

234 3049 389 3113 cedentem
414 3073 429 3113 e
454 3052 609 3135 provincia
631 3061 666 3113 ut
685 3051 819 3134 Aegypti
843 3049 1079 3113 amoenitatibus
1104 3050 1266 3126 frueretur,

234 3169 472 3233 acallidissimo
505 3179 535 3233 et
566 3170 770 3233 audacissimo
802 3176 998 3253 procuratore
1026 3167 1160 3231 ludibrio
1185 3167 1269 3230 habi·

232 3298 296 3353 tum
324 3313 406 3368 esse,
432 3291 546 3355 nemini
571 3291 630 3355 nisi
655 3290 713 3374 ipsi
737 3290 812 3353 vitio
838 3297 884 3352 est
908 3288 1098 3352 uertendum.

280 3410 382 3475 Habes
408 3433 485 3496 quae
508 3412 615 3475 fecisse
639 3420 759 3476 constat
776 3411 969 3496 Principem3
988 3419 1023 3474 ut
1038 3410 1163 3474 Tacitus
1180 3409 1267 3473 aesti-

235 3542 297 3594 mat
321 3532 461 3608 inimica,
494 3541 530 3595 ut
554 3553 627 3608 nos,
653 3533 776 3615 opinor,
802 3532 963 3607 evicimus,
988 3552 1086 3615 acqua
1109 3529 1267 3593 voluntate

232 3652 263 3714 iu
299 3651 476 3735 adoptivum
509 3652 616 3715 filium.
664 3650 753 3730 Quae
789 3658 909 3734 practer
941 3651 1015 3714 baec
1046 3651 1077 3714 in
1103 3649 1265 3714 ⁴Tiberium

236 3770 433 3854 proferuntur
457 3778 529 3833 sunt
552 3792 651 3834 merae
676 3770 883 3853 suspiciones,
909 3791 963 3852 per
986 3791 1018 3832 se
1041 3768 1193 3833 invalidae
1208 3768 1268 3830 nisi

235 3910 335 3953 rerum
360 3898 469 3952 eventu
496 3890 733 3966 confirmentur;
759 3888 867 3952 barum
894 3887 1054 3973 plerasque
1079 3887 1187 3971 passim
1207 3887 1267 3950 iam

273 4143 293 4201 Ι)
312 4139 385 4189 Dicas
411 4139 456 4187 boc
480 4139 532 4203 ipso
563 4139 664 4189 Senatus
691 4140 787 4190 decreto
809 4142 831 4189 ei
857 4141 974 4204 expressis
1000 4141 1078 4191 verbis
1104 4141 1128 4189 in
1157 4142 1268 4191 Pisonem

235 4239 362 4303 imperium
379 4238 462 4298 datum
479 4254 537 4288 asse.

1109 4334 1149 4394 60
