3008 4920
762 387 920 472 ra'

309 616 354 677 Ac
378 615 467 679 mitto
479 616 696 682 nonnullorum
710 617 901 702 opinionem,
915 641 951 681 ex
964 640 1024 700 qua
1035 617 1159 681 Tacitus
1172 617 1300 701 optima·

264 733 341 797 tium
366 735 475 812 fautor,
501 737 732 821 imperatorem,
757 737 812 821 qui
842 737 1055 819 cuiuscunque
1079 735 1195 799 ordinis
1220 735 1299 799 cives

264 853 351 916 nullo
375 854 516 918 habuerit
539 855 731 932 discrimine,
752 855 831 919 hanc
850 855 888 919 ob
910 876 1032 919 causam
1050 852 1166 931 oderit;
1180 853 1299 916 etiamsi

140 1052 142 1056 Ι
262 974 395 1039 concedo
418 975 541 1039 insitam
566 975 730 1059 quamdam
757 976 928 1040 nobilitatis
951 974 1165 1038 verecundiam
1189 974 1299 1037 merito

261 1096 387 1179 reperiri
422 1096 469 1159 his
502 1096 577 1160 locis
604 1096 621 1159 I
650 1102 687 1173 8,
720 1100 781 1173 29,
811 1100 863 1160 53.
888 1096 922 1159 ΙΙ
948 1098 1000 1161 37.
1026 1095 1078 1158 ΙΙΙ
1102 1097 1140 1172 3,
1170 1097 1227 1171 at,
1257 1095 1297 1159 27

261 1214 314 1278 ubi
331 1215 517 1300 Nipperdey,
541 1220 596 1280 48.
622 1216 666 1279 IV
696 1219 745 1280 15.
782 1216 840 1281 Sed
866 1217 924 1280 hoc
945 1216 1031 1294 volo,
1053 1215 1131 1279 nihil
1152 1238 1222 1279 eum
1240 1237 1301 1277 ma-

262 1334 308 1417 gis
343 1335 495 1419 tetigisse,
524 1358 614 1420 quam
649 1335 731 1420 quod
765 1335 821 1400 sub
845 1336 967 1400 Tiberio
991 1340 1157 1416 capacitas,
1183 1340 1219 1396 ut
1242 1333 1299 1410 ait,

263 1456 461 1537 imperitatum
484 1465 526 1521 eat
546 1456 592 1519 IV
613 1460 653 1534 4,
677 1456 709 1519 id
734 1466 798 1533 est,
824 1456 907 1540 quod
931 1456 983 1519 ille
1005 1456 1072 1541 paci
1090 1455 1300 1539 potiusquam

262 1580 387 1638 externo
415 1575 535 1660 imperii
563 1576 719 1660 splendori
746 1576 921 1654 consuluit3
951 1576 1022 1640 binc
1055 1575 1093 1639 de
1122 1575 1188 1638 aevi
1215 1574 1301 1638 illius

268 1692 413 1776 scriptore
436 1693 480 1756 ita
502 1695 641 1778 queritur
672 1694 746 1759 ibid.
780 1697 840 1772 32,
874 1696 905 1758 in
928 1702 1008 1758 arcta
1035 1700 1064 1759 et
1093 1693 1233 1776 topiariae
1258 1695 1300 1756 la·

267 1814 326 1888 bor,
350 1814 467 1876 immota
489 1816 597 1898 qnippe
620 1815 800 1879 catamodice
822 1816 958 1880 lacessita
975 1839 1057 1897 pcc,
1087 1813 1300 1879 macricuria

264 1954 311 1994 rea
343 1939 371 1995 et
401 1934 538 2015 princepe
565 1935 741 2020 prp‘erendi
764 1935 882 2016 imperii
903 1935 1068 1998 incuriosae
1090 1941 1164 1998 erat.
1212 1933 1301 1996 Hauc

264 2051 448 2136 peculiarem
482 2053 580 2118 Taciti
615 2054 790 2138 opinionem
825 2054 863 2118 de
898 2053 1036 2117 Caesaris
1072 2053 1170 2140 officio
1202 2053 1301 2116 iustae

265 2172 330 2235 eius
354 2173 558 2237 aestimationi
581 2174 696 2238 Tiberii
712 2174 845 2238 multum
864 2174 1017 2250 offecisse,
1034 2174 1114 2236 infra
1131 2171 1299 2257 apparebit.

312 2291 370 2354 His
393 2293 535 2362 omnibus
559 2292 692 2377 denique
715 2315 812 2357 unum
837 2293 1012 2358 addendum
1033 2300 1096 2370 est,
1110 2291 1211 2375 quod,
1230 2313 1301 2355 cum

266 2412 304 2476 iis
342 2435 420 2496 quae
452 2413 616 2478 attulimus
647 2435 682 2477 ac
715 2413 893 2497 praesertim
924 2434 992 2478 cum
1023 2412 1141 2477 lubrica
1168 2412 1301 2476 fontium

265 2531 441 2597 conditione
472 2534 640 2598 arctissime
677 2534 891 2611 coniunctum,
929 2533 1093 2617 praecipua
1124 2540 1160 2595 ut
1194 2533 1302 2617 opinor

266 2675 402 2717 errorum
425 2655 510 2739 origo
534 2653 709 2719 habendum
733 2663 788 2719 est.

310 2773 367 2838 Est
378 2774 521 2838 nimirum
534 2774 658 2839 Tacitus
671 2797 707 2839 ex
720 2774 782 2838 illis
796 2774 958 2850 historicis,
972 2774 1026 2858 qui
1036 2775 1154 2859 pottico
1164 2782 1194 2838 et
1204 2773 1302 2859 philo-

264 2894 362 2976 sopho
374 2895 497 2978 ingenio
509 2917 570 2958 non
583 2895 684 2959 minus
697 2917 787 2980 quam
801 2895 973 2959 eruditione
985 2903 1016 2958 et
1027 2895 1194 2979 sagacitate
1207 2893 1301 2957 excel-

267 3012 380 3089 lentes,
404 3012 443 3076 ad
467 3013 596 3077 artifices
620 3035 716 3097 aeque
739 3021 831 3096 atque
854 3013 894 3077 ad
924 3013 1127 3098 logographos
1151 3010 1301 3076 referendi

266 3143 349 3198 sunt.
396 3133 464 3200 Tali
486 3137 628 3222 scriptori
651 3159 762 3220 quum,
787 3137 887 3200 fontes
909 3136 1076 3212 evolventi,
1095 3134 1300 3200 diversissima

266 3254 303 3319 de
327 3254 441 3319 Tiberii
460 3256 547 3319 sactis
564 3256 761 3340 consiliisque
777 3256 971 3331 testimonia,
987 3277 1023 3319 ac
1035 3254 1125 3319 modo
1143 3260 1259 3318 moesta
1270 3259 1301 3317 et

266 3377 396 3452 atrocia,
426 3376 517 3440 modo
539 3377 619 3441 laeta
642 3386 673 3441 et
697 3378 827 3442 honesta
850 3378 888 3442 ab
912 3377 1018 3442 eodem
1042 3383 1215 3461 perpetrata
1233 3376 1300 3459 pari

265 3496 376 3560 fiducia
403 3495 614 3575 traderentur,
644 3505 735 3580 atque
765 3498 810 3561 ita
832 3499 918 3582 optio
942 3503 1022 3560 esset
1043 3494 1182 3559 facienda
1204 3517 1298 3572 num,

266 3617 313 3680 uti
344 3637 413 3680 mox
446 3616 613 3680 Suetonius
637 3627 667 3681 et
690 3617 751 3681 Dio
775 3616 900 3681 Cassius
923 3617 1076 3694 lecerunt,
1102 3615 1190 3699 quasi
1212 3613 1300 3678 dimi·

265 3734 349 3799 diato
380 3758 471 3819 opere
501 3736 625 3799 alteram
658 3737 741 3800 vitiis
773 3736 896 3800 alteram
922 3735 1067 3799 laudibus
1090 3732 1299 3798 describendis

264 3862 380 3939 partem
412 3856 582 3934 tribueret,
610 3879 648 3920 an
672 3856 825 3922 discordia
847 3858 901 3921 illa
921 3856 1094 3922 consociare
1113 3863 1144 3919 et
1175 3878 1210 3918 er
1237 3872 1299 3918 uno

264 3974 433 4058 eodemque
455 3976 540 4039 fonte
563 3975 712 4041 deducere
737 3985 900 4043 conaretur
922 4016 967 4027 —
982 3977 1036 4041 ille
1052 3976 1111 4041 sibi
1126 3975 1300 4051 satisfacere

264 4117 326 4159 non
358 4095 461 4180 potuit
486 4096 650 4180 antequam
674 4098 825 4163 eiusmodi
852 4098 967 4162 Tiberii
987 4096 1046 4161 sibi
1068 4095 1231 4179 imaginem
1255 4094 1299 4157 in·

262 4214 461 4293 formaverat,
485 4237 564 4300 quae
587 4216 696 4280 vitiosa
720 4224 750 4281 et
772 4217 870 4302 proba
886 4215 1029 4282 concordi
1046 4236 1119 4301 pace
1135 4211 1297 4297 complecti
