3008 4920
733 433 774 496 92

225 642 452 724 percrebruit,>
466 645 554 708 cuius
578 645 692 709 mentio
709 647 744 710 fit
760 646 794 710 Π
812 650 870 712 78:
893 649 969 712 Pico
993 651 1120 713 missia
1143 653 1192 712 ed
1216 652 1273 714 Pi·

235 761 368 822 terium
393 764 581 840 epistolia
604 766 753 827 incurat
781 767 990 829 Germanicum
1017 767 1108 832 laeua
1127 776 1156 831 et
1172 791 1273 849 auper-

228 880 315 956 'biee‚
339 903 440 966 aeque,
461 884 582 965 pulsum
608 892 643 948 ut
667 887 749 952 locria
773 889 860 949 rebus
880 890 966 950 uooia
979 892 1152 972 patefieret,
1169 912 1270 957 ererum

234 1002 382 1063 ecercitua
415 1005 516 1064 eudem
541 1006 608 1087 fide
638 1026 695 1088 quo
732 1007 862 1068 tenuerit
886 1008 1068 1086 repetivisse.
1116 1008 1166 1072 Ad
1198 1008 1273 1072 haec

234 1129 336 1185 autem
367 1122 507 1187 Tiberius
540 1124 579 1188 ob
612 1132 785 1209 temporum
818 1127 975 1210 angustias
1000 1127 1183 1212 respondere
1207 1151 1270 1193 uon

234 1241 355 1324 potuit,
380 1264 476 1325 quum
509 1265 544 1306 ea
576 1266 654 1327 quae
686 1252 850 1308 narrantur
880 1268 907 1309 c.
943 1249 1072 1310 ra-ai
1102 1268 1272 1331 paucorum

233 1361 351 1426 dierum
376 1365 474 1448 spatio
498 1365 578 1429 facta
602 1389 666 1430 esse
691 1349 867 1444 videantur,
894 1367 947 1430 sed
971 1367 1004 1431 111
1025 1367 1141 1432 iudicio
1157 1369 1271 1454 impro-

233 1483 316 1546 bavit
333 1484 415 1567 quod
436 1485 507 1548 Piso
526 1487 561 1549 ·vi
583 1496 613 1549 et
636 1486 727 1549 armis
744 1488 931 1571 provinciam
950 1511 1129 1573 recuperare
1145 1489 1271 1553 studue-

232 1613 296 1679 rat,
315 1606 424 1668 etenim
438 1605 550 1670 Caesar
570 1608 825 1689 implacabilis
847 1609 1032 1671 othelium
1051 1610 1270 1691 prouinciae

232 1726 397 1787 illatum.
437 1725 650 1791 Nihilominus
673 1727 831 1791 literarum
857 1734 1008 1791 secretum
1032 1728 1131 1791 invito
1158 1722 1269 1791 Pisone

233 1843 345 1906 violare
369 1846 536 1922 recusavit;
562 1856 592 1909 et
611 1847 763 1929 profecto,
790 1869 885 1931 quum
910 1847 982 1910 Piso
1007 1847 1216 1911 accusationes
1236 1847 1268 1911 111

234 1963 449 2029 Germanicum
484 1967 543 2029 iam
577 1967 610 2030 iu
643 1967 778 2030 medium
813 1967 992 2050 protulisset
1023 1968 1104 2051 apud
1133 1967 1266 2045 iudices,

233 2085 313 2149 nihil
345 2108 380 2149 ex
412 2087 548 2170 epistolis
582 2088 780 2171 proficeretur
810 2089 871 2152 nisi
904 2096 937 2151 ut
970 2088 1085 2153 iudices
1119 2098 1149 2152 et
1182 2088 1268 2172 plebs

232 2205 366 2284 urbana,
391 2206 451 2270 iam
477 2207 552 2270 satis
576 2230 626 2271 reo
652 2208 779 2284 infensi,
805 2209 901 2292 magis
926 2209 1017 2272 etiam
1033 2209 1078 2271 111
1095 2207 1270 2272 exardesce·

231 2334 308 2390 rent.
345 2327 455 2411 Itaque
478 2327 528 2391 hic
552 2350 676 2412 quoque
700 2328 803 2405 locus,
829 2335 982 2413 quatenus
999 2328 1132 2412 intelligi
1149 2334 1267 2411 potest,

236 2445 280 2508 nil
303 2422 440 2508 continet
463 2445 544 2528 quod
569 2453 679 2510 contra
701 2445 856 2510 Tiberium
882 2447 1010 2530 proferri
1034 2447 1140 2529 possit.

325 2678 475 2761 Vulpatue
498 2680 681 2762 suspicionis
704 2680 793 2763 oripo.
843 2681 1005 2744 Fectiouea
1029 2680 1179 2742 Iuliorum

620 2806 648 2861 et
677 2800 879 2862 Claudiorum.

276 3037 388 3101 Omnia
413 3044 566 3121 quantum
592 3035 654 3098 scio
672 3035 842 3119 percontati
860 3058 965 3098 sumus
982 3036 1172 3112 testimonia,
1191 3058 1267 3120 quae

231 3157 269 3219 ad
300 3156 508 3241 quaestionem
545 3155 582 3218 de
613 3154 788 3218 Germanici
819 3162 916 3217 morte
947 3153 1140 3237 pertincant,
1174 3163 1268 3238 atque

231 3274 373 3358 apparuit
408 3273 611 3357 suspicionem
654 3271 756 3350 illam,
793 3273 880 3356 quasi
915 3271 1055 3335 Tiberius
1091 3272 1268 3336 Germanici

230 3393 460 3457 inimicissimus
484 3401 514 3456 et
538 3393 726 3477 praematuri
749 3392 815 3455 eius
838 3392 940 3456 obitus
957 3402 1064 3455 auctor
1080 3391 1188 3466 fuerit,
1207 3392 1266 3455 niti

231 3535 372 3598 perversa
402 3511 552 3576 factorum
581 3512 831 3596 interpretatione
864 3521 894 3574 et
924 3510 1038 3574 idcirco
1063 3511 1265 3595 spernendam

231 3656 304 3697 esse.
341 3632 487 3716 Superest
507 3640 542 3695 ut
563 3654 764 3715 quaeramus,
789 3631 871 3694 unde
889 3640 954 3694 orta
967 3632 1008 3694 sit
1028 3639 1059 3694 et
1074 3653 1129 3695 cur
1144 3631 1264 3695 tamdiu

232 3752 359 3816 valuerit
381 3772 521 3836 perversa
544 3752 603 3814 ista
630 3753 749 3835 opinio,
775 3774 866 3836 quam
892 3751 1039 3816 concinne
1059 3751 1102 3816 sic
1115 3753 1263 3836 expressit

231 3874 396 3937 Suetonius
423 3872 489 3936 Cal.
518 3876 552 3937 l:
582 3874 789 3936 Germanicum
816 3873 924 3935 obiisse
945 3874 1082 3949 froude
1109 3873 1265 3948 Tiberii,

232 3996 444 4057 ministerio
468 4002 503 4057 et
527 4016 589 4076 ope
616 3996 674 4057 Cu.
698 3995 862 4057 Picouia.

276 4117 393 4180 Causae
416 4117 542 4181 fuerunt
558 4117 676 4201 plures:
703 4116 907 4180 aemulatio
931 4117 1057 4200 gentis
1081 4116 1205 4180 Iuliae
1229 4124 1266 4181 et

231 4236 430 4316 Claudiae;
463 4236 595 4322 populi
623 4237 747 4320 gratia
777 4236 835 4299 his
868 4243 1006 4320 negata
1029 4234 1265 4320 addictaque
