3008 4920
730 409 769 476 tt

231 618 285 681 sed
322 640 416 703 paene
452 624 647 700 provocaret,
679 639 775 700 quum
812 618 858 680 vel
893 618 953 702 ipsi
987 618 1114 681 comites
1142 616 1267 680 Germa·

232 737 305 801 uici.
326 758 430 799 omnes
461 735 672 799 declararent:
699 738 778 797 eatis
809 758 952 820 nuperque
985 737 1124 799 miecioue
1155 743 1184 797 et
1216 757 1270 813 pe·

155 863 156 866 ’
231 859 323 921 euuia
356 868 386 919 et
414 855 1134 936 mollibuscourullu'epeeeatum140.
1173 853 1269 918 Porro

233 999 354 1040 omnem
387 999 472 1039 suam
501 976 674 1060 provinciae
698 975 957 1039 administrandae
980 976 1128 1039 rationem
1152 972 1268 1038 Tiberii

235 1097 432 1181 opinionibus
456 1119 580 1180 prorsus
604 1096 787 1159 contrariam
814 1118 878 1159 esse
900 1096 1040 1180 ignorare
1063 1116 1126 1158 nou
1151 1094 1267 1177 potnit:

237 1215 439 1280 nihilominus
471 1216 636 1300 quotannis
668 1215 876 1300 expeditiones
909 1213 1036 1299 parabat
1060 1213 1267 1277 sumtuosissi-

234 1360 317 1414 mas,
344 1345 501 1421 susceptas
525 1336 651 1399 iuvenili
676 1335 800 1412 ardore,
826 1335 879 1399 sed
903 1336 1108 1398 infructuosas
1132 1340 1162 1397 et
1177 1332 1270 1397 semel

234 1457 408 1538 iterumque
437 1461 500 1518 tam
532 1454 647 1518 infelici
678 1455 762 1518 exitu
793 1461 829 1518 ut
856 1455 954 1518 totius
978 1454 1097 1518 Galliae
1121 1477 1194 1538 opes
1217 1477 1269 1518 na·

209 1624 211 1628 .
235 1574 334 1653 vium',
366 1575 517 1652 militum,
541 1575 749 1639 iumentorum
774 1574 885 1638 damna
908 1576 1052 1640 resarcire
1075 1599 1138 1640 nou
1161 1561 1268 1661 potue·

235 1693 307 1757 rint.
343 1677 454 1777 ltaque
477 1699 505 1755 et
529 1693 600 1756 ficta
623 1691 754 1775 epistola
769 1700 797 1754 et
813 1674 948 1757 militum
964 1693 1172 1777 pacandorum
1189 1694 1267 1758 ratio

234 1818 263 1873 et
287 1811 460 1896 provinciae
484 1832 571 1888 cura,
587 1831 644 1873 neo
661 1811 762 1874 minus
779 1833 813 1874 ea
830 1833 907 1894 quae
923 1821 1031 1895 postea
1046 1814 1179 1898 peregit,
1197 1836 1266 1899 eg.

234 1930 482 2005 amoenissimum
515 1937 546 1993 et
575 1928 779 1998 lentissimum
810 1932 868 1996 iter
892 1934 981 2015 quasi
1006 1932 1191 2017 triumphale
1215 1907 1269 2017 per

182 2048 183 2052 ’
235 2052 395 2116 Graeciam
416 2075 520 2117 versus
541 2051 713 2131 Orientem,
739 2056 848 2138 partim
870 2056 993 2120 Tiberio
1007 2055 1115 2119 merito
1132 2055 1267 2139 ingrata,

235 2173 346 2256 partim
380 2172 500 2256 legibus
536 2173 630 2236 vetita
664 2173 724 2256 (uti
754 2175 960 2259 peregrinatio
993 2175 1194 2259 Aegyptiace)
1225 2211 1271 2223 -

235 2290 371 2376 produnt
400 2291 622 2356 adolescentem
654 2293 769 2370 levem,
800 2293 946 2371 hilarem,
980 2315 1140 2369 securum,
1170 2293 1272 2358 omnia

235 2419 365 2490 temere,
401 2411 479 2475 nihil
515 2414 606 2475 auuie
638 2415 795 2497 agentem,
826 2414 1019 2496 aliorumque
1050 2413 1185 2477 invidiae
1217 2421 1271 2478 aut

216 2531 443 2616 'negligentem
468 2539 522 2596 ant
546 2532 694 2597 nescium.
719 2568 723 2573 ·

281 2652 396 2736 Atqui,
422 2650 497 2714 haec
521 2651 546 2715 si
571 2674 641 2715 vera
664 2659 754 2729 sunt,
780 2651 862 2716 ande
885 2660 953 2717 orta
976 2661 1023 2717 est
1046 2675 1186 2737 perversa
1202 2653 1273 2717 scri·

237 2771 318 2856 ptori
349 2772 483 2855 suspicio
514 2771 553 2834 de
580 2780 689 2835 mutuo
713 2771 838 2835 illorum
861 2779 946 2836 metu
970 2779 1001 2835 et
1023 2771 1162 2860 invidia?
1196 2770 1272 2835 Orta

236 2901 283 2957 est
306 2916 446 2958 ererum
470 2901 592 2959 eventu.
628 2893 731 2958 Habet
754 2915 811 2978 pro
834 2900 932 2971 certo,
953 2900 989 2956 ut
1004 2894 1067 2956 fere
1083 2915 1188 2956 omnes
1205 2892 1271 2956 eins

237 3011 396 3096 aequales,
409 3012 566 3076 Tiberium
579 3011 726 3076 occidisse
738 3012 839 3076 fratris
859 3012 974 3090 filium,
992 3013 1065 3076 hino
1081 3033 1269 3095 consequens
1304 3077 1308 3084 ,

238 3136 284 3195 est
308 3138 344 3195 ut
367 3137 473 3216 putet,
498 3139 642 3196 mutuum
667 3131 773 3195 odium
801 3130 982 3195 iamdudum
1004 3131 1155 3195 exstitisse
1162 3156 1171 3208 ;
1188 3129 1272 3214 quod

238 3251 330 3315 semel
361 3252 494 3335 positum
530 3251 616 3315 nullo
650 3273 713 3315 non
748 3251 831 3315 dioto
863 3259 917 3314 aut
948 3251 1030 3315 facto
1060 3250 1252 3334 imperatoris
1263 3297 1272 3327 ,

238 3371 405 3436 dummodo
429 3367 762 3456 recte'interpreteris,
788 3370 959 3435 confirmari
975 3371 1129 3455 opinatur.
1165 3370 1275 3433 Exem-

238 3489 290 3573 plo
322 3490 384 3553 sint
407 3511 486 3574 quae
509 3489 640 3574 legimus
664 3511 690 3554 o.
717 3491 777 3552 52:
806 3490 965 3552 Guudebut
989 3488 1131 3552 Tiberius
1155 3510 1272 3570 oppres-

238 3632 303 3672 rum
324 3611 520 3683 seditionem
544 3611 610 3686 aed,
633 3611 712 3694 quod
735 3609 902 3690 lerpieudie
921 3610 1062 3692 pecuniis
1084 3616 1114 3670 et
1134 3607 1275 3670 miedone

229 3730 391 3814 festinato
412 3730 559 3814 fauorem
591 3728 723 3791 militum
754 3730 969 3813 quaesivisset,
1000 3728 1139 3789 bellica
1161 3748 1276 3811 quoque

244 3851 419 3913 Germanici
437 3852 581 3933 pluria,
605 3853 820 3933 anpebatur.
855 3852 979 3914 Retulit
1003 3859 1101 3914 tumen
1121 3852 1165 3912 ad
1182 3850 1275 3911 Senu-

240 3977 303 4032 tum
333 3972 370 4034 de
400 3972 486 4034 relus
513 3974 624 4054 pertis,
646 3973 802 4057 multaque
825 3974 862 4034 de
885 3974 1000 4035 virtute
1021 3973 1088 4034 eiua
1109 3991 1276 4032 commemo·

241 4092 337 4162 ravit,
360 4094 478 4174 mapie
506 4093 545 4154 iu
572 4093 729 4175 speciem
753 4093 875 4155 uerbis
898 4094 1085 4155 adornata
1109 4112 1213 4174 quam
1237 4095 1277 4151 ut

235 4208 394 4289 penitus
423 4211 566 4273 sentire
597 4212 818 4273 crederetur.
855 4211 1109 4273 Paucioribue
1133 4210 1275 4272 -Druaum
