3008 4920
711 497 713 502 ,
778 426 799 485 4

268 631 399 715 primum
430 629 484 694 illo
514 629 652 714 principe
683 651 717 693 ac
747 629 891 714 deinceps
921 627 1023 706 fuere,
1057 628 1106 691 vix
1138 627 1305 712 quicquam

267 751 415 815 affirmare
445 751 559 814 ausim:
585 749 660 813 adeo
678 749 796 813 diversa
811 772 873 814 non
891 749 982 812 modo
999 748 1080 833 apud
1097 756 1235 812 auctores
1252 747 1304 812 sed

266 872 297 936 in
328 872 424 956 ipsius
454 872 636 936 mationibus
664 871 876 955 reperiuntur,
909 876 983 946 cet,
1017 875 1047 932 et
1077 867 1113 932 II
1137 871 1200 932 63:
1225 875 1306 932 catat

266 993 379 1068 matio,
403 1014 461 1075 quc
488 990 712 1072 mcpnitcdc'nem
735 989 794 1053 oiri
817 1011 883 1072 sqq.
919 987 1003 1051 Alibi
1019 987 1124 1051 breves
1141 996 1306 1072 acutaeque

269 1109 454 1184 sententias,
479 1108 593 1191 quibus
617 1107 831 1172 lubentissime
855 1105 907 1171 ille
931 1107 1072 1190 princeps
1089 1105 1252 1184 utebatur,
1269 1129 1305 1185 ex

267 1230 332 1293 eius
359 1230 550 1294 orationibus
575 1231 757 1307 asservavit,
783 1231 829 1294 uti
853 1229 870 1292 I
896 1206 955 1295 72:
980 1252 1081 1314 neque
1105 1230 1136 1293 in
1161 1238 1228 1293 acta
1251 1251 1306 1292 sua

267 1350 360 1413 iurari
394 1373 579 1436 quamquam
608 1358 750 1414 censente
783 1350 899 1413 Senatu
924 1350 1081 1434 permisit,
1106 1357 1210 1414 cuncta
1233 1372 1306 1414 mov·

266 1471 370 1534 talium
389 1472 515 1547 incerta,
538 1484 702 1556 quantoque
714 1474 787 1553 placa
809 1475 931 1553 adeptus
946 1473 1051 1557 foret,
1070 1478 1151 1535 lanto
1167 1494 1198 1534 ac
1212 1472 1305 1552 mcpia

266 1594 298 1654 in
327 1593 436 1656 lubrico
467 1592 623 1668 dictitans,
655 1599 685 1655 et
715 1591 762 1654 IV
786 1594 848 1670 30,
880 1614 957 1676 quae
983 1590 1133 1656 eiusmodi
1156 1598 1245 1668 sunt,
1270 1598 1306 1654 ut

266 1733 316 1776 aas
339 1686 402 1775 non
425 1712 522 1796 magis
544 1712 666 1776 finxisse
690 1712 831 1776 videatur
846 1712 1003 1797 scriptoris
1020 1711 1196 1795 ingenium,
1214 1732 1306 1794 quam

265 1827 334 1891 ill'as
358 1827 537 1904 conciones,
563 1828 594 1890 in
620 1827 750 1911 quibus,
779 1850 834 1911 pro
861 1851 961 1892 rerum
984 1829 1184 1906 necessitate,
1210 1827 1307 1891 diver·

266 1948 383 2011 sissima
407 1970 546 2032 quaeque
570 1955 782 2031 coagmentata
812 1948 1005 2024 invenimus,
1038 1970 1100 2031 qua
1127 1946 1221 2011 dere
1245 1970 1307 2011 om·
1387 1979 1394 1988 ·

265 2069 339 2133 nino
362 2069 562 2133 conferendae
586 2077 659 2132 sunt
682 2068 866 2133 Senatorum
892 2068 1126 2133 deliberationes
1143 2069 1255 2132 relatae
1270 2070 1303 2132 in

265 2188 282 2253 I
307 2192 426 2253 s-lc.
450 2188 485 2253 ΙΙ
510 2193 563 2254 83.
588 2189 641 2253 ΙΙΙ
665 2193 717 2254 69.
753 2190 912 2255 Praeterea
927 2192 1102 2255 orationum
1118 2196 1218 2274 partes
1234 2212 1302 2274 pro·

257 2295 564 2387 'didit1136‚38.
590 2309 642 2373 ΠΙ
669 2313 725 2387 ra,
749 2309 797 2372 rv
821 2313 858 2387 a,
888 2313 943 2388 rc,
971 2315 1029 2387 aa,
1055 2314 1096 2373 40
1122 2317 1179 2374 eto.
1195 2311 1228 2394 1).

308 2429 395 2492 Idem
429 2429 490 2492 fere
525 2428 690 2493 dicendum
725 2437 771 2492 est
801 2428 839 2493 de
873 2431 1004 2512 cpivtola’e
1039 2429 1153 2494 Tiberii
1188 2430 1298 2514 princi·

265 2570 401 2634 pumque
424 2549 568 2612 virorum.
615 2548 653 2611 In
670 2549 719 2612 his
739 2571 879 2634 quoque,
895 2553 977 2614 modo
993 2550 1131 2613 solennia
1146 2548 1297 2634 quaedam

264 2649 371 2746 effata,
396 2676 483 2752 grata
506 2669 578 2731 lruic
602 2668 750 2753 principi,
775 2670 822 2732 uti
848 2670 884 2732 A.
910 2668 927 2731 I
952 2672 1010 2735 73:
1039 2668 1166 2753 Scripsit
1189 2690 1299 2732 consu-

263 2788 345 2853 libus
374 2811 435 2852 non
467 2789 535 2851 ideo
567 2787 723 2852 decretum
755 2789 835 2874 patri
863 2812 919 2852 suo
942 2790 1060 2853 coelum
1086 2791 1175 2852 utin
1199 2788 1299 2874 perni-

263 2908 340 2971 ciem
369 2908 480 2971 civium
504 2908 530 2970 is
554 2907 653 2971 honor
676 2915 888 2972 verteretur..
904 2955 933 2972 ..
962 2910 1078 2971 deorum
1101 2907 1230 2970 iniuriae
1252 2906 1299 2972 dia

264 3050 367 3105 curae,
392 3026 499 3097 etIII
522 3029 563 3092 47
585 3027 618 3091 in
639 3028 676 3104 f.;
700 3031 782 3092 modo
801 3028 995 3111 negotiorum
1019 3026 1193 3091 diversitate
1209 3034 1297 3112 parta

263 3145 436 3229 argumenti
460 3146 589 3210 varietas
612 3184 654 3193 —
679 3146 727 3210 uti
754 3145 798 3208 VI
823 3151 842 3208 2
866 3168 928 3230 sq:
951 3145 1092 3209 Tiberius
1108 3147 1171 3230 egit
1183 3147 1296 3230 gratias

264 3268 491 3333 benevolentiae
523 3275 646 3354 patrum
766 3269 841 3333 haec
871 3269 1015 3334 adversus
1045 3270 1216 3354 Togonium

264 3396 294 3451 at
325 3387 351 3451 I.
384 3387 574 3466 Gallionem,
607 3389 660 3473 qui
684 3437 730 3465 ..‚
755 3389 904 3454 violenter
928 3391 1080 3474 increpuit
1189 3390 1297 3452 iisdem

263 3508 372 3572 litteris
390 3507 508 3573 Caesar
531 3509 562 3573 S.
586 3509 795 3574 Paconianum
818 3511 1004 3595 praetorium
1021 3510 1161 3595 perculit.
1178 3482 1296 3573 VI'15:

215 3653 218 3658 ’
263 3625 422 3710 Superque
446 3649 481 3690 ea
503 3649 536 3689 re
559 3626 686 3691 Senatui
710 3628 888 3692 scribit
912 3628 982 3692 dein
998 3627 1126 3692 redditis
1143 3629 1298 3693 absentiae

263 3747 363 3810 causis
387 3745 552 3810 admodum
578 3747 661 3830 vagis
684 3747 779 3811 flectit
803 3747 841 3811 ad
865 3748 1012 3831 graviora.
1045 3747 1104 3830 (Of.
1128 3748 1180 3811 III
1204 3750 1245 3811 35
1267 3757 1298 3811 et

299 4045 322 4103 1)
340 4044 433 4094 Pariter
457 4046 487 4095 da
509 4045 610 4095 Senecae
634 4045 785 4111 Nasonisque
809 4048 958 4098 orationibus
980 4049 1003 4096 in
1023 4051 1052 4099 A.
1070 4049 1126 4097 XIV
1146 4049 1176 4098 53
1194 4065 1247 4114 sqq.
1264 4049 1299 4098 iu·

264 4143 328 4194 dicat
350 4143 491 4207 Spengelius
515 4144 539 4192 in
565 4143 693 4208 Philologo
717 4144 781 4193 lato
805 4161 829 4209 p.
854 4146 918 4194 645:
944 4146 1034 4205 „Raida
1057 4147 1139 4195 Redeo
1156 4147 1210 4196 siud
1227 4147 1297 4197 baina

264 4243 583 4302 „rhetoriscb-bistoriscbcn
601 4244 782 4304 Kuoststiiclre,
799 4248 902 4296 soudcrn
920 4248 1029 4297 wirklich
1046 4248 1173 4313 gabalteua
1190 4247 1298 4298 mean?
