3008 4920
729 451 770 515 57

231 651 434 717 Enuntiatum
465 654 660 736 cogitationis
688 654 831 738 plenum,
858 655 1002 738 quodque
1027 663 1057 718 et
1081 654 1120 718 ob
1144 661 1265 718 senten·

231 773 291 834 tiae
314 773 493 856 gravitatem
517 781 547 837 et
571 774 610 838 ob
634 775 693 838 vim
720 782 751 838 et
774 776 1011 839 concinnitatem
1030 774 1189 839 verborum
1206 797 1263 837 nos

232 912 336 954 omnes
360 892 392 955 in
414 892 646 958 admirationem
662 895 760 979 rapit3
778 901 913 958 attamen
931 916 1035 959 vereor
1050 917 1109 971 ne,
1121 893 1179 957 hoc
1196 893 1264 958 loco

232 1012 385 1097 positum,
410 1015 513 1079 minus
535 1014 651 1079 iustum
676 1017 735 1094 sit;
760 1015 924 1081 concludas
948 1017 1028 1079 enim
1053 1038 1094 1082 ex,
1113 1038 1165 1092 eo,
1183 1015 1265 1100 prin·

233 1131 308 1216 cipis
343 1133 508 1198 amicitiam
545 1134 595 1197 vin
629 1133 697 1197 aliis
734 1140 824 1217 atque
862 1133 1074 1197 adulatoribus
1107 1132 1242 1217 patuisse
1254 1158 1263 1210 3

232 1252 314 1336 quod
342 1275 433 1337 quam
451 1277 468 1317 a
484 1277 554 1319 vero
578 1254 712 1318 alienum
736 1256 792 1333 sit,
818 1254 900 1318 haud
922 1255 1044 1318 difficile
1060 1264 1105 1318 est
1121 1252 1264 1338 probatu.

233 1372 366 1436 Constat
387 1374 468 1437 inter
491 1396 613 1450 omues,
638 1373 716 1437 nulli
739 1374 836 1458 magis
853 1373 1028 1458 imperatori
1044 1374 1266 1456 cuiuscumque

234 1493 354 1575 generis
378 1491 586 1556 adulationem
610 1493 682 1556 odio
706 1494 799 1557 fuisse
824 1516 915 1578 quam
939 1493 1073 1557 Tiberio.
1109 1492 1154 1556 Of.
1175 1492 1191 1555 Ι
1209 1497 1265 1570 72,

232 1610 342 1688 1181,
368 1610 420 1675 ΙΙΙ
436 1606 490 1689 tl,
518 1614 576 1690 65,
601 1611 647 1676 IV
666 1615 684 1674 6
708 1613 741 1674 in
764 1613 969 1675 adulationem
993 1614 1092 1695 lapsos
1115 1613 1266 1675 cohibebat

130 1776 134 1783 -
233 1732 311 1814 ipae.
341 1733 394 1808 31,
420 1734 474 1809 47,
508 1731 595 1808 Va,
627 1731 752 1802 VI,30.
784 1730 870 1795 Suet.
903 1734 960 1807 25,
986 1734 1045 1797 27:
1074 1732 1267 1794 adulationes

233 1852 306 1912 adeo
330 1858 488 1915 altercatus
511 1857 556 1913 est
580 1858 637 1914 cet.
674 1851 734 1914 Dio
758 1850 793 1914 C.
812 1852 864 1927 57,
884 1857 902 1911 a
919 1871 999 1934 sqq.·
1027 1850 1067 1912 lot
1083 1872 1121 1913 ne
1137 1848 1264 1912 Seianus
1345 1868 1348 1875 ’

234 1969 358 2054 quidem
391 1968 444 2031 vili
473 1969 675 2053 obsequentia
702 1969 733 2032 in
759 1970 823 2032 eius
849 1969 1012 2032 amicitiam
1037 1969 1193 2053 irrepsisse
1217 1991 1265 2031 us-

234 2110 326 2171 quam
356 2089 497 2172 legimus.
543 2087 602 2151 Sed
634 2096 753 2151 constat
784 2088 925 2172 insuper,
951 2096 1070 2171 praeter
1093 2087 1262 2172 Lepidum,

235 2206 311 2269 alios
335 2228 459 2290 quoque
482 2206 601 2270 nobiles
624 2206 782 2289 bonosque
799 2206 878 2270 viros
895 2228 963 2269 eum
983 2207 1094 2269 amicos
1111 2205 1264 2270 habuisse.

236 2327 344 2388 Intimi
375 2328 440 2389 eius
473 2327 563 2389 amici
586 2327 786 2389 nominantur
810 2325 866 2389 Gn.
891 2324 1063 2404 Lentulus,
1088 2327 1153 2401 eci,
1176 2348 1266 2405 super

234 2448 421 2511 constitutum
455 2454 484 2510 et
512 2447 710 2526 triumphalia
738 2449 774 2508 (le
806 2447 910 2521 Getis,
931 2446 1049 2528 pieriae
1060 2447 1174 2530 fuerat
1196 2447 1266 2509 benc

236 2567 365 2628 tolerata
383 2573 567 2649 paupertas,
588 2568 655 2629 dein
680 2590 805 2648 mopnae
828 2589 895 2649 opes
919 2567 1091 2644 innocenter
1110 2572 1221 2649 portae
1237 2573 1266 2628 et

235 2688 363 2748 modeste
384 2687 515 2749 laetitae.
540 2685 586 2749 IV
612 2689 670 2761 29,
696 2689 756 2763 443
782 2662 850 2749 lum
870 2684 958 2748 Seius
975 2684 1114 2762 Tubero,
1133 2685 1186 2770 qui
1202 2684 1269 2769 qui·

237 2805 303 2868 dem
330 2805 450 2889 legatus
474 2805 547 2868 olim
572 2804 748 2869 Germanici
770 2804 885 2880 iuerat,
911 2802 958 2867 IV
982 2807 1042 2880 29,
1066 2803 1101 2866 Π
1118 2807 1170 2867 20.
1207 2803 1269 2867 Ad-

236 2922 329 2986 dendi
353 2930 426 2986 sunt
449 2924 610 3008 Poppaeus
629 2923 761 2987 Sabinus
785 2922 832 2984 VI
856 2925 897 2984 39
926 2929 955 2984 et
979 2920 1125 2985 Cocceius
1149 2921 1266 3001 Nerva,

236 3041 334 3104 omnis
366 3041 463 3106 divini
495 3049 526 3105 et
549 3041 675 3104 humani
699 3041 776 3104 iuris
800 3041 916 3116 sciens,
941 3062 1041 3103 comes
1065 3040 1211 3125 principis
1234 3041 1267 3104 in

235 3160 337 3224 insula
367 3160 509 3245 Capreis,
543 3162 698 3245 proximus
732 3185 767 3225 ex
798 3162 921 3238 amicis,
953 3162 1004 3225 cui
1036 3169 1144 3246 sponte
1173 3162 1266 3225 vitam

234 3281 353 3344 finienti
385 3281 497 3345 assedit
529 3281 686 3358 Tiberius,
719 3282 833 3345 frustra
864 3303 969 3344 causas
1002 3281 1182 3364 exquirens,
1212 3303 1266 3344 cur

238 3401 295 3465 hoo
320 3401 449 3480 iaceret,
475 3401 522 3465 IV
539 3405 596 3479 58,
622 3402 668 3465 VI
685 3405 737 3466 26.
754 3404 778 3483 ¹)
813 3394 933 3465 Habuit
950 3400 1075 3484 quidem
1091 3439 1135 3450 —
1153 3409 1184 3463 at
1200 3402 1270 3485 quis

268 3665 294 3723 1)
312 3664 425 3713 Paschius
444 3665 461 3713 l.
478 3666 495 3714 l.
512 3680 536 3728 p.
555 3666 600 3714 111
621 3680 672 3729 sqq.
689 3665 718 3712 de
736 3665 821 3713 horum
840 3665 947 3714 virorum
964 3665 1074 3715 laudibus
1090 3669 1179 3715 temere
1190 3667 1268 3716 detra-

234 3763 292 3810 here
310 3765 410 3811 conatus
427 3766 470 3811 est'.
506 3762 608 3811 Constat
625 3778 706 3811 corum
724 3762 845 3820 omnium,
864 3766 888 3811 et
906 3763 1023 3826 imprimis
1041 3764 1140 3827 Lepidi,
1157 3763 1269 3813 honorifi-

234 3877 285 3910 cam
298 3837 407 3910 meite
424 3860 571 3909 mentionem
589 3861 676 3909 tactam
694 3876 745 3909 esse
760 3876 847 3924 eosque
866 3877 892 3908 ex
906 3861 994 3910 Tiberii
1011 3861 1148 3924 aequalibus
1164 3861 1269 3925 optimos

234 3959 260 4006 et
281 3956 426 4005 clarissimos
449 3956 535 4014 tuiase;
557 3971 672 4020 magnum
695 3960 745 4014 est,
767 3956 793 4005 in
816 3956 883 4005 nullo
901 3956 991 4021 aliquid
1009 3957 1131 4005 dedecoris
1148 3957 1268 4006 delectum

236 4068 287 4104 essa
304 4071 318 4103 a
334 4054 431 4114 Tacito,
449 4053 490 4118 qui
508 4055 532 4102 in
551 4053 640 4103 Tiberii
657 4054 740 4102 amicis
757 4054 782 4102 id
800 4053 926 4103 memoriae
944 4054 1044 4120 prodere
1060 4070 1107 4102 non
1125 4053 1269 4119 supersedis-

235 4153 279 4200 set.
313 4149 350 4199 De
368 4149 471 4198 Lentulo
488 4149 518 4199 ct.
537 4149 584 4198 Dio
602 4149 667 4199 Cass.
686 4149 716 4201 t'l
736 4149 780 4198 ult.
799 4150 877 4198 verba.

269 4246 304 4294 De
322 4262 391 4294 causa
409 4245 494 4295 mortis
511 4245 606 4295 Nervae
622 4246 704 4310 inepta
721 4245 793 4295 babet
810 4246 857 4294 Dio
875 4230 940 4294 Cass.
960 4244 1004 4302 58,
1023 4244 1063 4293 21.
