3008 4920
741 435 760 493 9

231 640 412 704 caritatem
436 661 503 703 eum
530 638 667 702 Caesaris
691 645 722 704 et
746 647 915 704 ceterorum
938 640 970 703 in
995 648 1161 723 utrumque
1178 636 1266 712 odio,

230 765 360 848 quamuis
384 763 529 848 fabulosa
563 769 591 825 ct
625 763 764 826 immunia
798 762 1017 840 crcdcbuutur,”
1041 785 1117 846 quas
1143 760 1263 823 odiosas

232 883 435 958 narrationes,
467 882 520 965 qni
550 891 619 966 post
649 890 778 946 mortem
810 883 972 946 recentibus
1002 882 1077 945 odiis
1106 903 1153 944 res
1185 879 1269 943 illius

234 1009 483 1087 composuerant,
514 1002 651 1065 studiose
687 1003 934 1086 conquisiverunt
969 1009 999 1065 et
1034 1023 1112 1064 nova
1146 1001 1271 1082 insuper

232 1124 427 1189 intenderant
450 1123 508 1207 (IV
535 1127 592 1201 ll;
617 1124 634 1187 I
663 1126 703 1207 l).
751 1123 873 1188 Horum
896 1123 1080 1208 scriptorum
1102 1120 1269 1185 sublestam

223 1244 322 1308 'fidem
349 1244 421 1309 licet
449 1244 575 1308 Tacitus
599 1253 784 1330 compertam
809 1245 952 1310 habuerit
976 1266 1091 1329 nosque
1114 1251 1149 1306 ut
1173 1241 1211 1305 ab
1236 1263 1270 1304 ea

232 1387 405 1429 caveremus
434 1364 589 1428 monuerit
617 1364 703 1448 (ibid.
736 1388 759 1429 s.
792 1364 843 1447 fi),
872 1373 976 1428 tamen
1006 1363 1037 1426 in
1071 1360 1269 1445 sequentibus

235 1485 455 1549 monstrabitur
478 1485 609 1549 multum
636 1486 757 1562 abesse,
783 1493 818 1548 ut
842 1493 871 1548 et
896 1483 1018 1548 illorum
1044 1491 1073 1546 et
1097 1481 1270 1564 aequalium

231 1612 403 1668 commenta
425 1603 488 1686 (HI
517 1606 567 1686 16)
591 1603 692 1668 ubivis
716 1605 874 1688 agnoverit
897 1612 928 1667 et
951 1603 1111 1686 respuerit.

274 1724 453 1788 Fueruntne
483 1731 585 1787 autem
615 1724 692 1802 alia,
718 1732 836 1808 praeter
859 1724 997 1808 iniquam
1020 1723 1105 1785 illam
1129 1720 1270 1784 traditio·

232 1868 319 1923 nem,
345 1868 423 1930 quae
447 1845 545 1909 iustae
570 1855 600 1908 et
622 1867 710 1909 verae
735 1868 835 1909 rerum
852 1843 1052 1929 descriptioni
1069 1841 1269 1907 obstiterint?

232 1965 282 2028 Ita
313 1964 420 2042 credo;
458 1987 553 2047 eaque
586 1965 696 2050 partim
728 1971 902 2049 temporum
927 1964 1051 2028 illorum
1075 1963 1269 2046 historiogra·
1328 2037 1332 2041 q

233 2086 341 2171 phiae,
366 2086 477 2170 partim
503 2087 593 2149 unius
616 2086 715 2149 Taciti
739 2087 865 2151 fuerunt
888 2086 1019 2171 propria.

278 2205 527 2289 Quantacunque
550 2206 632 2269 enim
654 2191 860 2269 Romanorum
888 2205 1102 2268 historicorum
1126 2210 1270 2267 suntme-

233 2326 310 2404 rita,
336 2333 438 2389 tamen
461 2324 553 2409 longe
573 2326 716 2401 aberant,
737 2347 793 2390 neo
813 2326 926 2390 desunt
947 2324 1118 2410 probabiles
1138 2325 1182 2388 rei
1202 2346 1272 2386 oau-

233 2435 302 2521 ¹sae,
328 2467 345 2507 a
371 2444 513 2528 religiosa
536 2444 590 2508 illa
614 2468 716 2509 verum
741 2445 947 2530 investigandi
969 2453 999 2509 et-
1015 2444 1167 2510 soribandi
1183 2465 1270 2520 cura,

236 2587 314 2649 quae
350 2563 441 2629 hodie
469 2565 577 2628 merito
602 2587 720 2629 summa
743 2565 791 2629 lex
817 2564 1072 2648 historiographis
1097 2587 1162 2628 esse
1186 2562 1272 2626 aesti-

236 2691 347 2749 matur.
372 2683 547 2748 Narrabant
571 2708 739 2770 numquam
764 2687 829 2749 sine
854 2685 1010 2769 proposito
1034 2684 1183 2769 quodam,
1204 2682 1272 2746 utili

236 2803 358 2886 quidem
403 2802 584 2889 plerumque
624 2803 823 2888 iucundoque
857 2803 1053 2888 legentibus,
1101 2801 1153 2866 sed
1189 2801 1272 2884 quod

235 2922 314 2986 hunc
348 2923 445 3007 ipsum
477 2924 516 2988 ob
548 2946 670 2988 oausam
698 2924 764 2987 aliis
785 2946 925 3008 quoque,
951 2932 1044 3007 utque
1076 2922 1167 2985 unius
1199 2921 1274 2984 veri·

235 3043 324 3119 tatis,
354 3042 466 3106 studiis
494 3043 795 3127 ansumpruebebat.
843 3042 909 3106 Nec
937 3042 1063 3106 Tacitus
1098 3064 1134 3104 ex
1162 3040 1270 3104 horum

236 3183 363 3224 numero
402 3161 581 3226 eximendus
617 3169 680 3239 est3
717 3184 786 3226 nam
814 3162 936 3225 tametsi
963 3162 1037 3225 istos
1062 3158 1271 3245 reprehendit,

237 3281 308 3364 qui,
344 3304 383 3345 ne
418 3280 551 3345 lecturos
583 3281 684 3346 taedio
716 3282 884 3357 afficerent,
918 3282 1021 3358 veriti,
1055 3303 1101 3344 res
1133 3265 1271 3362 alioquin

236 3401 363 3484 cognitu
388 3400 469 3464 haud
493 3401 636 3493 indignas
660 3389 783 3465 silentio
808 3401 1021 3486 praeterierint
1043 3399 1091 3463 Vl
1112 3403 1170 3476 13,
1196 3399 1274 3463 nihi-

235 3520 370 3583 lominus
394 3521 458 3604 ipse
482 3521 602 3584 veniam
626 3520 790 3604 petendam
814 3521 872 3585 sibi
897 3521 1003 3596 duxit,
1030 3521 1083 3585 ubi
1107 3542 1184 3604 quae
1208 3541 1275 3582 nar·
1361 3522 1364 3527 ’

236 3636 283 3701 rat
314 3640 462 3702 minimum
493 3639 692 3703 oblectationis
718 3641 853 3723 afferunt.
910 3642 989 3703 Num
1022 3641 1097 3704 situs
1123 3641 1272 3720 pontium,

238 3757 393 3821 varietates
431 3759 637 3838 praeliorum,
677 3759 752 3821 clari
795 3762 898 3823 ducum
945 3761 1041 3822 cuitus
1081 3759 1206 3822 retinent
1240 3781 1275 3821 cc

237 3876 435 3957 ccdiutcprcct
464 3877 618 3958 leucatium
650 3878 794 3942 animam:
825 3902 877 3942 uos
907 3901 992 3941 caeam
1020 3879 1116 3956 icccc,
1144 3902 1169 3942 e.
1195 3900 1232 3962 q..
1249 3901 1274 3942 s.

239 3995 323 4059 Haec
354 4004 456 4060 autem
489 4009 566 4082 quae
598 3999 768 4064 iniucunda
798 4008 871 4064 sunt
899 4009 1000 4064 tamen
1026 4000 1140 4064 idcirco
1164 4022 1274 4064 memo·
1366 4023 1368 4028 ·

238 4113 300 4177 riae
329 4114 456 4198 prodere
487 4138 519 4179 se
550 4117 682 4196 fatetur,
707 4120 779 4204 quia
796 4121 963 4205 profutara
987 4126 1060 4183 sunt
1083 4117 1273 4203 legentibus:

238 4256 330 4310 „nam
355 4244 390 4297 ut
414 4235 486 4298 olim
512 4236 566 4319 qui
590 4237 674 4322 vulgi
691 4246 876 4323 senatusque
892 4247 922 4301 et
938 4238 1134 4322 optimatium
1150 4237 1274 4322 ingenia
