<?xml version="1.0" encoding="UTF-8"?>
<!DOCTYPE html PUBLIC "-//W3C//DTD XHTML 1.0 Transitional//EN"
    "http://www.w3.org/TR/xhtml1/DTD/xhtml1-transitional.dtd">
<html xmlns="http://www.w3.org/1999/xhtml" xml:lang="en" lang="en">
 <head>
  <title>
</title>
<meta http-equiv="Content-Type" content="text/html;charset=utf-8" />
  <meta name='ocr-system' content='tesseract 3.04.00' />
  <meta name='ocr-capabilities' content='ocr_page ocr_carea ocr_par ocr_line ocrx_word'/>
</head>
<body>
  <div class='ocr_page' id='page_1' title='image "./depctacitifidei00karsgoog_0078.png"; bbox 0 0 3008 4920; ppageno 0'>
   <div class='ocr_carea' id='block_1_1' title="bbox 723 415 764 474">
    <p class='ocr_par' dir='ltr' id='par_1_1' title="bbox 723 415 764 474">
     <span class='ocr_line' id='line_1_1' title="bbox 723 415 764 474; baseline 0.073 -3"><span class='ocrx_word' id='word_1_1' title='bbox 723 415 764 474; x_wconf 83' lang='lat'>65</span> 
     </span>
    </p>
   </div>
   <div class='ocr_carea' id='block_1_2' title="bbox 612 649 881 713">
    <p class='ocr_par' dir='ltr' id='par_1_2' title="bbox 612 649 881 713">
     <span class='ocr_line' id='line_1_2' title="bbox 612 649 881 713; baseline 0.007 -3"><span class='ocrx_word' id='word_1_2' title='bbox 612 649 712 712; x_wconf 74' lang='lat' dir='ltr'>Periti·</span> <span class='ocrx_word' id='word_1_3' title='bbox 734 650 881 713; x_wconf 77' lang='lat' dir='ltr'>narratio,</span> 
     </span>
    </p>
   </div>
   <div class='ocr_carea' id='block_1_3' title="bbox 232 855 1279 2496">
    <p class='ocr_par' dir='ltr' id='par_1_3' title="bbox 232 855 1279 2496">
     <span class='ocr_line' id='line_1_3' title="bbox 274 855 1267 941; baseline 0.001 -21"><span class='ocrx_word' id='word_1_4' title='bbox 274 855 346 937; x_wconf 74' lang='lat' dir='ltr'>Quo</span> <span class='ocrx_word' id='word_1_5' title='bbox 377 856 479 921; x_wconf 91' lang='lat' dir='ltr'>animo</span> <span class='ocrx_word' id='word_1_6' title='bbox 511 879 582 941; x_wconf 75' lang='lat' dir='ltr'>erga</span> <span class='ocrx_word' id='word_1_7' title='bbox 611 857 796 920; x_wconf 88' lang='lat' dir='ltr'>seinvicem</span> <span class='ocrx_word' id='word_1_8' title='bbox 829 857 945 921; x_wconf 88' lang='lat' dir='ltr'>fuerint</span> <span class='ocrx_word' id='word_1_9' title='bbox 967 856 1106 920; x_wconf 80' lang='lat' dir='ltr'>Tiberius</span> <span class='ocrx_word' id='word_1_10' title='bbox 1136 864 1165 921; x_wconf 90' lang='lat' dir='ltr'>et</span> <span class='ocrx_word' id='word_1_11' title='bbox 1191 856 1267 921; x_wconf 88' lang='lat' dir='ltr'>Ger·</span> 
     </span>
     <span class='ocr_line' id='line_1_4' title="bbox 233 975 1265 1061; baseline -0.001 -23"><span class='ocrx_word' id='word_1_12' title='bbox 233 975 371 1040; x_wconf 81' lang='lat' dir='ltr'>maninus</span> <span class='ocrx_word' id='word_1_13' title='bbox 394 982 617 1061; x_wconf 85' lang='lat' dir='ltr'>postmortem</span> <span class='ocrx_word' id='word_1_14' title='bbox 641 976 795 1059; x_wconf 83' lang='lat' dir='ltr'>Augusti,</span> <span class='ocrx_word' id='word_1_15' title='bbox 828 975 872 1038; x_wconf 89' lang='lat' dir='ltr'>ita</span> <span class='ocrx_word' id='word_1_16' title='bbox 898 975 1089 1059; x_wconf 81' lang='lat' dir='ltr'>significatur</span> <span class='ocrx_word' id='word_1_17' title='bbox 1113 975 1129 1037; x_wconf 96' lang='lat' dir='ltr'>I</span> <span class='ocrx_word' id='word_1_18' title='bbox 1152 979 1185 1040; x_wconf 79' lang='lat'>7:</span> <span class='ocrx_word' id='word_1_19' title='bbox 1217 977 1265 1038; x_wconf 79' lang='lat' dir='ltr'>rt-</span> 
     </span>
     <span class='ocr_line' id='line_1_5' title="bbox 232 1094 1269 1178; baseline -0.001 -21"><span class='ocrx_word' id='word_1_20' title='bbox 232 1094 333 1157; x_wconf 83' lang='lat' dir='ltr'>berina</span> <span class='ocrx_word' id='word_1_21' title='bbox 357 1095 464 1157; x_wconf 81' lang='lat' dir='ltr'>literae</span> <span class='ocrx_word' id='word_1_22' title='bbox 486 1097 529 1158; x_wconf 82' lang='lat' dir='ltr'>ad</span> <span class='ocrx_word' id='word_1_23' title='bbox 549 1095 698 1158; x_wconf 83' lang='lat' dir='ltr'>eaereitna</span> <span class='ocrx_word' id='word_1_24' title='bbox 720 1101 864 1178; x_wconf 85' lang='lat' dir='ltr'>tanqnarn</span> <span class='ocrx_word' id='word_1_25' title='bbox 887 1097 995 1178; x_wconf 82' lang='lat' dir='ltr'>adepto</span> <span class='ocrx_word' id='word_1_26' title='bbox 1013 1097 1192 1178; x_wconf 77' lang='lat' dir='ltr'>principata</span> <span class='ocrx_word' id='word_1_27' title='bbox 1211 1095 1269 1157; x_wconf 89' lang='lat' dir='ltr'>rni-</span> 
     </span>
     <span class='ocr_line' id='line_1_6' title="bbox 232 1216 1271 1301; baseline 0 -22"><span class='ocrx_word' id='word_1_28' title='bbox 232 1216 275 1279; x_wconf 85' lang='lat' dir='ltr'>ait</span> <span class='ocrx_word' id='word_1_29' title='bbox 409 1219 510 1279; x_wconf 81' lang='lat' dir='ltr'>Conna</span> <span class='ocrx_word' id='word_1_30' title='bbox 540 1217 704 1300; x_wconf 78' lang='lat' dir='ltr'>praecipua</span> <span class='ocrx_word' id='word_1_31' title='bbox 736 1239 777 1280; x_wconf 86' lang='lat' dir='ltr'>en</span> <span class='ocrx_word' id='word_1_32' title='bbox 798 1218 1024 1301; x_wconf 78' lang='lat' dir='ltr'>formidine,</span> <span class='ocrx_word' id='word_1_33' title='bbox 1054 1241 1097 1279; x_wconf 92' lang='lat' dir='ltr'>ne</span> <span class='ocrx_word' id='word_1_34' title='bbox 1128 1222 1271 1280; x_wconf 77' lang='lat' dir='ltr'>Germa·</span> 
     </span>
     <span class='ocr_line' id='line_1_7' title="bbox 233 1336 1269 1420; baseline 0.002 -23"><span class='ocrx_word' id='word_1_35' title='bbox 233 1336 359 1411; x_wconf 84' lang='lat' dir='ltr'>aione,</span> <span class='ocrx_word' id='word_1_36' title='bbox 390 1338 422 1399; x_wconf 89' lang='lat' dir='ltr'><em>in</em></span> <span class='ocrx_word' id='word_1_37' title='bbox 458 1339 546 1400; x_wconf 86' lang='lat' dir='ltr'>onina</span> <span class='ocrx_word' id='word_1_38' title='bbox 575 1359 666 1398; x_wconf 87' lang='lat' dir='ltr'><em>nnana</em></span> <span class='ocrx_word' id='word_1_39' title='bbox 693 1343 737 1400; x_wconf 91' lang='lat' dir='ltr'>tot</span> <span class='ocrx_word' id='word_1_40' title='bbox 771 1337 919 1420; x_wconf 79' lang='lat' dir='ltr'>lepionee,</span> <span class='ocrx_word' id='word_1_41' title='bbox 950 1338 1092 1399; x_wconf 82' lang='lat' dir='ltr'>irnnnenaa</span> <span class='ocrx_word' id='word_1_42' title='bbox 1123 1339 1269 1400; x_wconf 83' lang='lat' dir='ltr'>aoeiarnnr</span> 
     </span>
     <span class='ocr_line' id='line_1_8' title="bbox 237 1439 1270 1538; baseline 0 -22"><span class='ocrx_word' id='word_1_43' title='bbox 237 1455 376 1531; x_wconf 83' lang='lat' dir='ltr'>annitia,</span> <span class='ocrx_word' id='word_1_44' title='bbox 400 1455 494 1518; x_wconf 76' lang='lat' dir='ltr'><em>minna</em></span> <span class='ocrx_word' id='word_1_45' title='bbox 516 1457 601 1538; x_wconf 78' lang='lat' dir='ltr'>apnri</span> <span class='ocrx_word' id='word_1_46' title='bbox 623 1439 766 1534; x_wconf 74' lang='lat' dir='ltr'>papirium</span> <span class='ocrx_word' id='word_1_47' title='bbox 781 1460 897 1536; x_wconf 82' lang='lat' dir='ltr'>ferror,</span> <span class='ocrx_word' id='word_1_48' title='bbox 920 1457 1052 1518; x_wconf 77' lang='lat' dir='ltr'>tabere</span> <span class='ocrx_word' id='word_1_49' title='bbox 1074 1455 1270 1538; x_wconf 75' lang='lat' dir='ltr'>imperinm</span> 
     </span>
     <span class='ocr_line' id='line_1_9' title="bbox 237 1573 1271 1660; baseline 0.002 -24"><span class='ocrx_word' id='word_1_50' title='bbox 237 1596 339 1657; x_wconf 85' lang='lat' dir='ltr'><em>qnam</em></span> <span class='ocrx_word' id='word_1_51' title='bbox 362 1582 577 1657; x_wconf 80' lang='lat' dir='ltr'>enapeetare</span> <span class='ocrx_word' id='word_1_52' title='bbox 600 1575 741 1637; x_wconf 85' lang='lat' dir='ltr'>mallet.</span> <span class='ocrx_word' id='word_1_53' title='bbox 775 1573 941 1638; x_wconf 56' lang='lat' dir='ltr'>Ab‘altera</span> <span class='ocrx_word' id='word_1_54' title='bbox 962 1583 1047 1660; x_wconf 88' lang='lat' dir='ltr'>parta</span> <span class='ocrx_word' id='word_1_55' title='bbox 1070 1574 1271 1638; x_wconf 87' lang='lat' dir='ltr'>Germanicus</span> 
     </span>
     <span class='ocr_line' id='line_1_10' title="bbox 240 1694 1274 1775; baseline 0 -17"><span class='ocrx_word' id='word_1_56' title='bbox 240 1716 266 1758; x_wconf 90' lang='lat' dir='ltr'>o.</span> <span class='ocrx_word' id='word_1_57' title='bbox 292 1697 332 1758; x_wconf 83' lang='lat'>33</span> <span class='ocrx_word' id='word_1_58' title='bbox 358 1694 472 1759; x_wconf 88' lang='lat' dir='ltr'>dicitur</span> <span class='ocrx_word' id='word_1_59' title='bbox 494 1695 589 1759; x_wconf 88' lang='lat' dir='ltr'>fuisse</span> <span class='ocrx_word' id='word_1_60' title='bbox 608 1695 742 1758; x_wconf 78' lang='lat' dir='ltr'>anniae</span> <span class='ocrx_word' id='word_1_61' title='bbox 766 1694 922 1758; x_wconf 82' lang='lat' dir='ltr'>oeonttie</span> <span class='ocrx_word' id='word_1_62' title='bbox 941 1695 979 1757; x_wconf 87' lang='lat' dir='ltr'><em>in</em></span> <span class='ocrx_word' id='word_1_63' title='bbox 999 1717 1038 1756; x_wconf 83' lang='lat' dir='ltr'>ae</span> <span class='ocrx_word' id='word_1_64' title='bbox 1053 1697 1183 1775; x_wconf 76' lang='lat' dir='ltr'>patrui</span> <span class='ocrx_word' id='word_1_65' title='bbox 1202 1697 1274 1758; x_wconf 85' lang='lat' dir='ltr'>arri·</span> 
     </span>
     <span class='ocr_line' id='line_1_11' title="bbox 240 1814 1274 1898; baseline 0.002 -23"><span class='ocrx_word' id='word_1_66' title='bbox 240 1835 350 1896; x_wconf 87' lang='lat' dir='ltr'>aeque</span> <span class='ocrx_word' id='word_1_67' title='bbox 374 1815 482 1887; x_wconf 78' lang='lat' dir='ltr'>odiis,</span> <span class='ocrx_word' id='word_1_68' title='bbox 507 1835 628 1898; x_wconf 85' lang='lat' dir='ltr'>quornm</span> <span class='ocrx_word' id='word_1_69' title='bbox 652 1834 762 1877; x_wconf 83' lang='lat' dir='ltr'>conane</span> <span class='ocrx_word' id='word_1_70' title='bbox 785 1815 929 1888; x_wconf 75' lang='lat' dir='ltr'><em>acriores,</em></span> <span class='ocrx_word' id='word_1_71' title='bbox 953 1815 1025 1898; x_wconf 89' lang='lat' dir='ltr'><em>qnia</em></span> <span class='ocrx_word' id='word_1_72' title='bbox 1047 1815 1180 1898; x_wconf 80' lang='lat' dir='ltr'><em>iniquae.</em></span> <span class='ocrx_word' id='word_1_73' title='bbox 1215 1814 1274 1877; x_wconf 91' lang='lat' dir='ltr'>His</span> 
     </span>
     <span class='ocr_line' id='line_1_12' title="bbox 240 1932 1274 2016; baseline 0.003 -22"><span class='ocrx_word' id='word_1_74' title='bbox 240 1933 284 1995; x_wconf 90' lang='lat' dir='ltr'>ita</span> <span class='ocrx_word' id='word_1_75' title='bbox 307 1933 450 1996; x_wconf 87' lang='lat' dir='ltr'>animatis</span> <span class='ocrx_word' id='word_1_76' title='bbox 474 1934 606 2016; x_wconf 81' lang='lat' dir='ltr'><strong>erumpit</strong></span> <span class='ocrx_word' id='word_1_77' title='bbox 630 1933 741 1996; x_wconf 87' lang='lat' dir='ltr'>seditio</span> <span class='ocrx_word' id='word_1_78' title='bbox 765 1933 920 2016; x_wconf 87' lang='lat' dir='ltr'>legionum</span> <span class='ocrx_word' id='word_1_79' title='bbox 938 1932 1144 2011; x_wconf 87' lang='lat' dir='ltr'>Gallicarum,</span> <span class='ocrx_word' id='word_1_80' title='bbox 1162 1933 1274 2016; x_wconf 89' lang='lat' dir='ltr'>quibus</span> 
     </span>
     <span class='ocr_line' id='line_1_13' title="bbox 243 2051 1276 2138; baseline 0.003 -24"><span class='ocrx_word' id='word_1_81' title='bbox 243 2059 381 2136; x_wconf 81' lang='lat' dir='ltr'>praeerat</span> <span class='ocrx_word' id='word_1_82' title='bbox 395 2051 616 2122; x_wconf 80' lang='lat' dir='ltr'>Germanicus.</span> <span class='ocrx_word' id='word_1_83' title='bbox 657 2051 694 2116; x_wconf 92' lang='lat' dir='ltr'>In</span> <span class='ocrx_word' id='word_1_84' title='bbox 719 2051 776 2115; x_wconf 86' lang='lat' dir='ltr'>hac</span> <span class='ocrx_word' id='word_1_85' title='bbox 800 2051 968 2138; x_wconf 89' lang='lat' dir='ltr'>enarranda</span> <span class='ocrx_word' id='word_1_86' title='bbox 984 2051 1010 2138; x_wconf 86' lang='lat'>¹)</span> <span class='ocrx_word' id='word_1_87' title='bbox 1036 2052 1107 2116; x_wconf 86' lang='lat' dir='ltr'>data</span> <span class='ocrx_word' id='word_1_88' title='bbox 1130 2061 1276 2138; x_wconf 89' lang='lat' dir='ltr'>opportu-</span> 
     </span>
     <span class='ocr_line' id='line_1_14' title="bbox 241 2173 1277 2259; baseline 0.004 -23"><span class='ocrx_word' id='word_1_89' title='bbox 241 2174 337 2237; x_wconf 77' lang='lat' dir='ltr'>nitate</span> <span class='ocrx_word' id='word_1_90' title='bbox 365 2173 481 2237; x_wconf 80' lang='lat' dir='ltr'>Tiberii</span> <span class='ocrx_word' id='word_1_91' title='bbox 512 2173 655 2237; x_wconf 85' lang='lat' dir='ltr'>voluntas</span> <span class='ocrx_word' id='word_1_92' title='bbox 685 2174 775 2237; x_wconf 87' lang='lat' dir='ltr'>variis</span> <span class='ocrx_word' id='word_1_93' title='bbox 808 2175 845 2238; x_wconf 92' lang='lat' dir='ltr'>de</span> <span class='ocrx_word' id='word_1_94' title='bbox 874 2175 974 2238; x_wconf 84' lang='lat' dir='ltr'>causis</span> <span class='ocrx_word' id='word_1_95' title='bbox 998 2175 1094 2258; x_wconf 83' lang='lat' dir='ltr'>magis</span> <span class='ocrx_word' id='word_1_96' title='bbox 1118 2176 1277 2259; x_wconf 85' lang='lat' dir='ltr'>magisque</span> 
     </span>
     <span class='ocr_line' id='line_1_15' title="bbox 241 2291 1276 2379; baseline 0.001 -23"><span class='ocrx_word' id='word_1_97' title='bbox 241 2291 465 2357; x_wconf 85' lang='lat' dir='ltr'>aGermanioo</span> <span class='ocrx_word' id='word_1_98' title='bbox 496 2293 628 2357; x_wconf 87' lang='lat' dir='ltr'>alienat-a</span> <span class='ocrx_word' id='word_1_99' title='bbox 658 2293 847 2357; x_wconf 76' lang='lat' dir='ltr'>ostenditur:</span> <span class='ocrx_word' id='word_1_100' title='bbox 881 2315 907 2357; x_wconf 88' lang='lat' dir='ltr'>o.</span> <span class='ocrx_word' id='word_1_101' title='bbox 939 2296 996 2357; x_wconf 79' lang='lat'>52:</span> <span class='ocrx_word' id='word_1_102' title='bbox 1029 2295 1138 2356; x_wconf 77' lang='lat' dir='ltr'>bellica</span> <span class='ocrx_word' id='word_1_103' title='bbox 1162 2316 1276 2379; x_wconf 83' lang='lat' dir='ltr'>qnoque</span> 
     </span>
     <span class='ocr_line' id='line_1_16' title="bbox 239 2411 1279 2496; baseline 0.006 -26"><span class='ocrx_word' id='word_1_104' title='bbox 239 2412 340 2493; x_wconf 72' lang='lat' dir='ltr'><em>plania</em></span> <span class='ocrx_word' id='word_1_105' title='bbox 368 2412 542 2476; x_wconf 79' lang='lat' dir='ltr'><em>Germanici</em></span> <span class='ocrx_word' id='word_1_106' title='bbox 572 2412 754 2494; x_wconf 77' lang='lat' dir='ltr'>anpedatar;</span> <span class='ocrx_word' id='word_1_107' title='bbox 786 2433 811 2476; x_wconf 88' lang='lat' dir='ltr'>e.</span> <span class='ocrx_word' id='word_1_108' title='bbox 838 2414 879 2473; x_wconf 79' lang='lat'>62</span> <span class='ocrx_word' id='word_1_109' title='bbox 904 2411 1097 2476; x_wconf 70' lang='lat' dir='ltr'>dubitanter:</span> <span class='ocrx_word' id='word_1_110' title='bbox 1122 2413 1279 2496; x_wconf 89' lang='lat' dir='ltr'>postulata</span> 
     </span>
    </p>
   </div>
   <div class='ocr_carea' id='block_1_4' title="bbox 244 2530 1279 2613">
    <p class='ocr_par' dir='ltr' id='par_1_4' title="bbox 244 2530 1279 2613">
     <span class='ocr_line' id='line_1_17' title="bbox 244 2530 1279 2613; baseline 0 -19"><span class='ocrx_word' id='word_1_111' title='bbox 244 2530 379 2594; x_wconf 89' lang='lat' dir='ltr'>militum</span> <span class='ocrx_word' id='word_1_112' title='bbox 410 2552 552 2594; x_wconf 88' lang='lat' dir='ltr'>concessa</span> <span class='ocrx_word' id='word_1_113' title='bbox 583 2553 647 2594; x_wconf 89' lang='lat' dir='ltr'>esse</span> <span class='ocrx_word' id='word_1_114' title='bbox 671 2553 689 2593; x_wconf 88' lang='lat' dir='ltr'>a</span> <span class='ocrx_word' id='word_1_115' title='bbox 712 2530 768 2608; x_wconf 86' lang='lat' dir='ltr'>G.,</span> <span class='ocrx_word' id='word_1_116' title='bbox 797 2532 911 2594; x_wconf 74' lang='lat' dir='ltr'>Tiberio</span> <span class='ocrx_word' id='word_1_117' title='bbox 935 2532 1019 2593; x_wconf 78' lang='lat' dir='ltr'>inari</span> <span class='ocrx_word' id='word_1_118' title='bbox 1036 2532 1279 2613; x_wconf 61' lang='lat' dir='ltr'>proterantur,</span> 
     </span>
    </p>
   </div>
   <div class='ocr_carea' id='block_1_5' title="bbox 203 2652 1347 3934">
    <p class='ocr_par' dir='ltr' id='par_1_5' title="bbox 203 2652 1347 3934">
     <span class='ocr_line' id='line_1_18' title="bbox 241 2652 1279 2726; baseline 0.003 -14"><span class='ocrx_word' id='word_1_119' title='bbox 241 2671 301 2713; x_wconf 84' lang='lat' dir='ltr'>aen</span> <span class='ocrx_word' id='word_1_120' title='bbox 325 2657 457 2713; x_wconf 86' lang='lat' dir='ltr'>anneta</span> <span class='ocrx_word' id='word_1_121' title='bbox 481 2652 695 2713; x_wconf 72' lang='lat' dir='ltr'>Germanici</span> <span class='ocrx_word' id='word_1_122' title='bbox 716 2653 753 2713; x_wconf 92' lang='lat' dir='ltr'><em>in</em></span> <span class='ocrx_word' id='word_1_123' title='bbox 774 2652 939 2714; x_wconf 80' lang='lat' dir='ltr'>deterius</span> <span class='ocrx_word' id='word_1_124' title='bbox 954 2653 1138 2726; x_wconf 72' lang='lat' dir='ltr'><em>trahenti,</em></span> <span class='ocrx_word' id='word_1_125' title='bbox 1159 2653 1279 2715; x_wconf 83' lang='lat' dir='ltr'>nire—</span> 
     </span>
     <span class='ocr_line' id='line_1_19' title="bbox 242 2768 1280 2855; baseline 0.004 -24"><span class='ocrx_word' id='word_1_126' title='bbox 242 2769 382 2853; x_wconf 82' lang='lat' dir='ltr'>sequitur</span> <span class='ocrx_word' id='word_1_127' title='bbox 398 2768 556 2834; x_wconf 85' lang='lat' dir='ltr'>honestior</span> <span class='ocrx_word' id='word_1_128' title='bbox 573 2769 747 2853; x_wconf 79' lang='lat' dir='ltr'>explieati03</span> <span class='ocrx_word' id='word_1_129' title='bbox 761 2770 930 2853; x_wconf 83' lang='lat' dir='ltr'>deniquae.</span> <span class='ocrx_word' id='word_1_130' title='bbox 945 2773 1005 2833; x_wconf 83' lang='lat'>69:</span> <span class='ocrx_word' id='word_1_131' title='bbox 1026 2771 1173 2855; x_wconf 88' lang='lat' dir='ltr'>principis</span> <span class='ocrx_word' id='word_1_132' title='bbox 1190 2771 1280 2835; x_wconf 88' lang='lat' dir='ltr'>iram</span> 
     </span>
     <span class='ocr_line' id='line_1_20' title="bbox 244 2888 1347 2982; baseline 0.002 -30"><span class='ocrx_word' id='word_1_133' title='bbox 244 2891 423 2953; x_wconf 77' lang='lat' dir='ltr'>accendebat</span> <span class='ocrx_word' id='word_1_134' title='bbox 455 2890 590 2952; x_wconf 80' lang='lat' dir='ltr'>Seianae.</span> <span class='ocrx_word' id='word_1_135' title='bbox 638 2888 792 2973; x_wconf 84' lang='lat' dir='ltr'>Oppressa</span> <span class='ocrx_word' id='word_1_136' title='bbox 821 2889 971 2953; x_wconf 87' lang='lat' dir='ltr'>seditione</span> <span class='ocrx_word' id='word_1_137' title='bbox 995 2888 1196 2953; x_wconf 88' lang='lat' dir='ltr'>Germanicus</span> <span class='ocrx_word' id='word_1_138' title='bbox 1219 2914 1278 2954; x_wconf 88' lang='lat' dir='ltr'>ma·</span> <span class='ocrx_word' id='word_1_139' title='bbox 1339 2969 1347 2982; x_wconf 43' lang='lat'><strong>·</strong></span> 
     </span>
     <span class='ocr_line' id='line_1_21' title="bbox 242 3007 1280 3094; baseline 0.003 -23"><span class='ocrx_word' id='word_1_140' title='bbox 242 3015 296 3071; x_wconf 90' lang='lat' dir='ltr'>net</span> <span class='ocrx_word' id='word_1_141' title='bbox 326 3009 358 3071; x_wconf 91' lang='lat' dir='ltr'>in</span> <span class='ocrx_word' id='word_1_142' title='bbox 391 3007 510 3086; x_wconf 84' lang='lat' dir='ltr'>Gallia,</span> <span class='ocrx_word' id='word_1_143' title='bbox 540 3008 591 3073; x_wconf 87' lang='lat' dir='ltr'>sed</span> <span class='ocrx_word' id='word_1_144' title='bbox 622 3007 737 3072; x_wconf 79' lang='lat' dir='ltr'>Tiberii</span> <span class='ocrx_word' id='word_1_145' title='bbox 768 3009 875 3072; x_wconf 94' lang='lat' dir='ltr'>odium</span> <span class='ocrx_word' id='word_1_146' title='bbox 906 3032 968 3073; x_wconf 91' lang='lat' dir='ltr'>non</span> <span class='ocrx_word' id='word_1_147' title='bbox 996 3010 1191 3094; x_wconf 84' lang='lat' dir='ltr'>consopitum</span> <span class='ocrx_word' id='word_1_148' title='bbox 1216 3017 1280 3085; x_wconf 88' lang='lat' dir='ltr'>est,</span> 
     </span>
     <span class='ocr_line' id='line_1_22' title="bbox 241 3131 1277 3215; baseline 0.001 -21"><span class='ocrx_word' id='word_1_149' title='bbox 241 3131 336 3194; x_wconf 90' lang='lat' dir='ltr'>immo</span> <span class='ocrx_word' id='word_1_150' title='bbox 361 3131 473 3194; x_wconf 91' lang='lat' dir='ltr'>sensim</span> <span class='ocrx_word' id='word_1_151' title='bbox 499 3131 536 3195; x_wconf 89' lang='lat' dir='ltr'>ab</span> <span class='ocrx_word' id='word_1_152' title='bbox 559 3131 646 3195; x_wconf 89' lang='lat' dir='ltr'>iratis</span> <span class='ocrx_word' id='word_1_153' title='bbox 674 3131 773 3195; x_wconf 89' lang='lat' dir='ltr'>verbis</span> <span class='ocrx_word' id='word_1_154' title='bbox 797 3131 836 3195; x_wconf 91' lang='lat' dir='ltr'>ad</span> <span class='ocrx_word' id='word_1_155' title='bbox 859 3131 939 3194; x_wconf 86' lang='lat' dir='ltr'>faeta</span> <span class='ocrx_word' id='word_1_156' title='bbox 962 3131 1174 3215; x_wconf 83' lang='lat' dir='ltr'>progreditur:</span> <span class='ocrx_word' id='word_1_157' title='bbox 1200 3132 1234 3194; x_wconf 91' lang='lat' dir='ltr'>II</span> <span class='ocrx_word' id='word_1_158' title='bbox 1260 3139 1277 3196; x_wconf 87' lang='lat'>5</span> 
     </span>
     <span class='ocr_line' id='line_1_23' title="bbox 244 3250 1281 3336; baseline 0.003 -25"><span class='ocrx_word' id='word_1_159' title='bbox 244 3250 283 3332; x_wconf 85' lang='lat' dir='ltr'>(a.</span> <span class='ocrx_word' id='word_1_160' title='bbox 304 3252 344 3329; x_wconf 79' lang='lat'>16</span> <span class='ocrx_word' id='word_1_161' title='bbox 369 3273 399 3335; x_wconf 91' lang='lat' dir='ltr'>p.</span> <span class='ocrx_word' id='word_1_162' title='bbox 418 3250 452 3314; x_wconf 82' lang='lat' dir='ltr'>G.</span> <span class='ocrx_word' id='word_1_163' title='bbox 470 3253 534 3336; x_wconf 90' lang='lat' dir='ltr'>n.):</span> <span class='ocrx_word' id='word_1_164' title='bbox 565 3253 680 3315; x_wconf 77' lang='lat' dir='ltr'>Pttato</span> <span class='ocrx_word' id='word_1_165' title='bbox 703 3253 802 3314; x_wconf 74' lang='lat' dir='ltr'>naria</span> <span class='ocrx_word' id='word_1_166' title='bbox 823 3253 858 3313; x_wconf 90' lang='lat' dir='ltr'><em>in</em></span> <span class='ocrx_word' id='word_1_167' title='bbox 863 3259 1008 3334; x_wconf 78' lang='lat' dir='ltr'>pratnnr</span> <span class='ocrx_word' id='word_1_168' title='bbox 1032 3252 1144 3314; x_wconf 78' lang='lat' dir='ltr'>accidit</span> <span class='ocrx_word' id='word_1_169' title='bbox 1164 3254 1281 3315; x_wconf 80' lang='lat' dir='ltr'>tartari</span> 
     </span>
     <span class='ocr_line' id='line_1_24' title="bbox 219 3369 1281 3452; baseline 0.004 -23"><span class='ocrx_word' id='word_1_170' title='bbox 219 3425 220 3429; x_wconf 75' lang='grc'>,</span> <span class='ocrx_word' id='word_1_171' title='bbox 244 3390 292 3430; x_wconf 81' lang='lat' dir='ltr'>rea</span> <span class='ocrx_word' id='word_1_172' title='bbox 319 3369 468 3445; x_wconf 72' lang='lat' dir='ltr'><em>Orientis,</em></span> <span class='ocrx_word' id='word_1_173' title='bbox 492 3377 526 3432; x_wconf 89' lang='lat' dir='ltr'>nt</span> <span class='ocrx_word' id='word_1_174' title='bbox 546 3393 582 3432; x_wconf 90' lang='lat' dir='ltr'>ea</span> <span class='ocrx_word' id='word_1_175' title='bbox 601 3370 699 3452; x_wconf 79' lang='lat' dir='ltr'>aperie</span> <span class='ocrx_word' id='word_1_176' title='bbox 719 3372 966 3432; x_wconf 79' lang='lat' dir='ltr'>Germaniennr</span> <span class='ocrx_word' id='word_1_177' title='bbox 987 3371 1107 3432; x_wconf 80' lang='lat' dir='ltr'>erretis</span> <span class='ocrx_word' id='word_1_178' title='bbox 1131 3373 1281 3452; x_wconf 75' lang='lat' dir='ltr'>tepioni·</span> 
     </span>
     <span class='ocr_line' id='line_1_25' title="bbox 243 3488 1280 3573; baseline 0.004 -24"><span class='ocrx_word' id='word_1_179' title='bbox 243 3488 309 3549; x_wconf 83' lang='lat' dir='ltr'>bna</span> <span class='ocrx_word' id='word_1_180' title='bbox 343 3489 601 3564; x_wconf 76' lang='lat' dir='ltr'>abstraheret,</span> <span class='ocrx_word' id='word_1_181' title='bbox 632 3489 774 3573; x_wconf 81' lang='lat' dir='ltr'>norrinqne</span> <span class='ocrx_word' id='word_1_182' title='bbox 802 3491 968 3571; x_wconf 77' lang='lat' dir='ltr'>provinciis</span> <span class='ocrx_word' id='word_1_183' title='bbox 999 3490 1169 3571; x_wconf 77' lang='lat' dir='ltr'>impositam</span> <span class='ocrx_word' id='word_1_184' title='bbox 1196 3491 1280 3553; x_wconf 80' lang='lat' dir='ltr'>(loto</span> 
     </span>
     <span class='ocr_line' id='line_1_26' title="bbox 203 3607 1281 3694; baseline 0.003 -25"><span class='ocrx_word' id='word_1_185' title='bbox 203 3677 205 3680; x_wconf 10' lang='lat' dir='ltr'>y</span> <span class='ocrx_word' id='word_1_186' title='bbox 243 3607 417 3670; x_wconf 75' lang='lat' dir='ltr'>simulet</span> <span class='ocrx_word' id='word_1_187' title='bbox 447 3609 821 3672; x_wconf 83' lang='lat' dir='ltr'>eaaidnaobieotaret.</span> <span class='ocrx_word' id='word_1_188' title='bbox 865 3607 1013 3673; x_wconf 86' lang='lat' dir='ltr'>Ominosa</span> <span class='ocrx_word' id='word_1_189' title='bbox 1036 3608 1144 3687; x_wconf 90' lang='lat' dir='ltr'>verba,</span> <span class='ocrx_word' id='word_1_190' title='bbox 1168 3610 1281 3694; x_wconf 88' lang='lat' dir='ltr'>quibus</span> 
     </span>
     <span class='ocr_line' id='line_1_27' title="bbox 243 3725 1280 3806; baseline 0.004 -18"><span class='ocrx_word' id='word_1_191' title='bbox 243 3726 362 3789; x_wconf 87' lang='lat' dir='ltr'>instans</span> <span class='ocrx_word' id='word_1_192' title='bbox 388 3725 589 3790; x_wconf 86' lang='lat' dir='ltr'>adolescentis</span> <span class='ocrx_word' id='word_1_193' title='bbox 622 3728 774 3791; x_wconf 84' lang='lat' dir='ltr'>revocatio</span> <span class='ocrx_word' id='word_1_194' title='bbox 800 3750 815 3791; x_wconf 91' lang='lat' dir='ltr'>e</span> <span class='ocrx_word' id='word_1_195' title='bbox 836 3727 954 3805; x_wconf 88' lang='lat' dir='ltr'>Gallia,</span> <span class='ocrx_word' id='word_1_196' title='bbox 976 3729 1035 3792; x_wconf 90' lang='lat' dir='ltr'>iter</span> <span class='ocrx_word' id='word_1_197' title='bbox 1055 3729 1086 3791; x_wconf 94' lang='lat' dir='ltr'>in</span> <span class='ocrx_word' id='word_1_198' title='bbox 1106 3727 1280 3806; x_wconf 84' lang='lat' dir='ltr'>Orientem,</span> 
     </span>
     <span class='ocr_line' id='line_1_28' title="bbox 243 3845 1283 3934; baseline 0.004 -26"><span class='ocrx_word' id='word_1_199' title='bbox 243 3845 340 3909; x_wconf 89' lang='lat' dir='ltr'>tristis</span> <span class='ocrx_word' id='word_1_200' title='bbox 373 3846 452 3909; x_wconf 89' lang='lat' dir='ltr'>vitae</span> <span class='ocrx_word' id='word_1_201' title='bbox 486 3846 586 3909; x_wconf 83' lang='lat' dir='ltr'>exitus</span> <span class='ocrx_word' id='word_1_202' title='bbox 618 3848 883 3930; x_wconf 86' lang='lat' dir='ltr'>praenuntiantur.</span> <span class='ocrx_word' id='word_1_203' title='bbox 920 3848 970 3911; x_wconf 89' lang='lat' dir='ltr'>Ad</span> <span class='ocrx_word' id='word_1_204' title='bbox 993 3847 1066 3911; x_wconf 88' lang='lat' dir='ltr'>haee</span> <span class='ocrx_word' id='word_1_205' title='bbox 1091 3871 1161 3912; x_wconf 91' lang='lat' dir='ltr'>vero</span> <span class='ocrx_word' id='word_1_206' title='bbox 1184 3849 1283 3934; x_wconf 91' lang='lat' dir='ltr'>prius·</span> 
     </span>
    </p>
   </div>
   <div class='ocr_carea' id='block_1_6' title="bbox 245 4111 1284 4274">
    <p class='ocr_par' dir='ltr' id='par_1_6' title="bbox 245 4111 1284 4274">
     <span class='ocr_line' id='line_1_29' title="bbox 278 4111 1284 4178; baseline 0.002 -19"><span class='ocrx_word' id='word_1_207' title='bbox 278 4111 304 4172; x_wconf 86' lang='lat'>1)</span> <span class='ocrx_word' id='word_1_208' title='bbox 319 4111 411 4161; x_wconf 86' lang='lat' dir='ltr'>Seditio</span> <span class='ocrx_word' id='word_1_209' title='bbox 429 4116 454 4162; x_wconf 91' lang='lat' dir='ltr'>et</span> <span class='ocrx_word' id='word_1_210' title='bbox 472 4112 635 4178; x_wconf 83' lang='lat' dir='ltr'>expeditiones</span> <span class='ocrx_word' id='word_1_211' title='bbox 652 4112 677 4160; x_wconf 92' lang='lat' dir='ltr'>in</span> <span class='ocrx_word' id='word_1_212' title='bbox 696 4112 863 4171; x_wconf 83' lang='lat' dir='ltr'>Germaniam,</span> <span class='ocrx_word' id='word_1_213' title='bbox 881 4129 895 4161; x_wconf 87' lang='lat' dir='ltr'>a</span> <span class='ocrx_word' id='word_1_214' title='bbox 911 4113 990 4161; x_wconf 89' lang='lat' dir='ltr'>Dione</span> <span class='ocrx_word' id='word_1_215' title='bbox 1008 4111 1090 4161; x_wconf 84' lang='lat' dir='ltr'>Cassio</span> <span class='ocrx_word' id='word_1_216' title='bbox 1108 4115 1212 4176; x_wconf 84' lang='lat' dir='ltr'>quatuor</span> <span class='ocrx_word' id='word_1_217' title='bbox 1223 4113 1284 4176; x_wconf 88' lang='lat' dir='ltr'>eapi-</span> 
     </span>
     <span class='ocr_line' id='line_1_30' title="bbox 245 4207 1189 4274; baseline 0.003 -18"><span class='ocrx_word' id='word_1_218' title='bbox 245 4207 310 4258; x_wconf 86' lang='lat' dir='ltr'>tibus</span> <span class='ocrx_word' id='word_1_219' title='bbox 327 4208 437 4260; x_wconf 84' lang='lat' dir='ltr'>absolata</span> <span class='ocrx_word' id='word_1_220' title='bbox 456 4211 495 4269; x_wconf 77' lang='lat' dir='ltr'>tr,</span> <span class='ocrx_word' id='word_1_221' title='bbox 512 4212 543 4270; x_wconf 84' lang='lat'>4,</span> <span class='ocrx_word' id='word_1_222' title='bbox 562 4212 592 4269; x_wconf 80' lang='lat' dir='ltr'>t,</span> <span class='ocrx_word' id='word_1_223' title='bbox 610 4210 638 4269; x_wconf 85' lang='grc'>6,</span> <span class='ocrx_word' id='word_1_224' title='bbox 658 4210 704 4269; x_wconf 87' lang='grc'>18,</span> <span class='ocrx_word' id='word_1_225' title='bbox 723 4226 737 4258; x_wconf 87' lang='lat' dir='ltr'>a</span> <span class='ocrx_word' id='word_1_226' title='bbox 753 4210 838 4260; x_wconf 82' lang='lat' dir='ltr'>Tacito</span> <span class='ocrx_word' id='word_1_227' title='bbox 855 4209 909 4258; x_wconf 83' lang='lat' dir='ltr'>LXI</span> <span class='ocrx_word' id='word_1_228' title='bbox 929 4225 983 4274; x_wconf 88' lang='lat' dir='ltr'>opp.</span> <span class='ocrx_word' id='word_1_229' title='bbox 1001 4209 1189 4274; x_wconf 81' lang='lat' dir='ltr'>perscribuntur.</span> 
     </span>
    </p>
   </div>
   <div class='ocr_carea' id='block_1_7' title="bbox 1143 4308 1163 4367">
    <p class='ocr_par' dir='ltr' id='par_1_7' title="bbox 1143 4308 1163 4367">
     <span class='ocr_line' id='line_1_31' title="bbox 1143 4308 1163 4367; baseline 0 0"><span class='ocrx_word' id='word_1_230' title='bbox 1143 4308 1163 4367; x_wconf 80' lang='lat'><strong>5</strong></span> 
     </span>
    </p>
   </div>
   <div class='ocr_carea' id='block_1_8' title="bbox 0 0 1510 4920">
    <p class='ocr_par' dir='ltr' id='par_1_8' title="bbox 0 0 1510 4920">
     <span class='ocr_line' id='line_1_32' title="bbox 0 0 1510 4920; baseline 0 0"><span class='ocrx_word' id='word_1_231' title='bbox 0 0 1510 4920; x_wconf 95' lang='lat' dir='ltr'> </span> 
     </span>
    </p>
   </div>
  </div>
 </body>
</html>
