3008 4920
736 413 776 472 5³

239 617 339 678 enitar
369 617 500 680 retinent
529 638 565 680 oc
596 617 802 698 redinteyruet
839 616 998 698 tepentium
1016 609 1187 680 'animarat
1220 640 1274 681 noe

239 757 329 796 oaerre
362 737 445 797 inore
475 734 530 799 rel.
578 733 685 814 Quum
715 743 817 799 autem
841 735 966 799 Tacitus
990 758 1025 799 ea
1049 744 1128 799 esset
1153 745 1271 814 mente,

239 876 301 917 non
332 853 506 918 mirandum
538 863 584 918 est
612 854 644 917 in
675 855 802 918 ntorum
828 876 931 918 rerum
959 855 1132 919 narratione
1156 828 1272 920 deside·

238 972 301 1049 rari?
330 972 402 1036 iusti
437 979 468 1036 et
492 972 625 1036 accurati
649 972 851 1036 aestimatoria
874 972 1034 1036 iudicium.
1081 972 1139 1036 Uti
1162 996 1272 1060 nempe

239 1092 474 1169 Germanicum,
506 1092 647 1156 iuvenem
682 1091 881 1167 bellicosum,
914 1092 1016 1155 nimiis
1047 1091 1192 1157 laudibus
1224 1116 1271 1158 ex·

238 1211 339 1289 tollit,
365 1212 409 1274 ita
433 1211 565 1295 despicit
588 1211 807 1295 Imperatorem
832 1210 868 1274 ab
886 1232 1038 1274 armorum
1055 1212 1187 1297 strepitu
1202 1212 1271 1277 alie·

238 1354 322 1395 num.
362 1330 540 1415 Respiciens
573 1329 756 1406 Traianum,
788 1352 850 1393 non
882 1330 1029 1415 intelligit
1052 1331 1107 1415 qui
1129 1331 1195 1395 fieri
1218 1353 1270 1423 po·
1339 1325 1346 1339 '

237 1450 349 1527 tuerit,
375 1456 410 1512 ut·
434 1451 595 1534 Augustus
620 1456 650 1511 et
671 1447 828 1526 Tiberius,
849 1447 922 1512 olim
938 1449 1056 1512 strenui
1072 1449 1144 1513 belli
1161 1450 1268 1526 duces,

237 1589 308 1632 mox
339 1569 440 1653 adepti
470 1568 652 1652 imperium,
685 1589 780 1651 quum
813 1568 845 1632 in
877 1569 1019 1632 extremis
1049 1569 1161 1633 finibus
1187 1592 1269 1634 erma

237 1696 412 1771 creparent,
444 1686 557 1750 Romae
589 1693 764 1763 manerent,
789 1708 824 1750 ac
854 1687 1034 1770 dignitatem
1065 1687 1185 1771 imperii
1208 1687 1269 1752 bel·

235 1807 311 1870 licae
341 1807 457 1890 gloriae
480 1806 681 1884 anteferrent,
706 1806 800 1890 idque
826 1805 950 1869 nonnisi
973 1806 1111 1890 pessimis
1136 1806 1173 1870 de
1199 1829 1268 1871 cau·

235 1927 276 1989 sis
308 1926 452 2010 explicari
486 1947 574 2011 posse
602 1925 777 1990 arbitratur.
825 1925 996 1989 Consilium
1027 1925 1106 1990 illud
1131 1927 1267 2011 Augusti

235 2045 331 2109 nescit
366 2054 469 2108 utrum
501 2052 581 2108 meta
612 2068 650 2107 arr
681 2067 733 2127 per
762 2045 911 2107 invidiam
942 2044 1064 2108 Tiberio
1094 2046 1135 2109 sit
1159 2044 1266 2110 datum

237 2164 312 2246 (vid.
337 2165 357 2229 l.
380 2164 414 2249 l.)
454 2163 538 2227 Alibi
569 2171 728 2248 percenset
758 2185 921 2229 nnmerum
951 2163 1107 2249 legionum
1136 2172 1167 2228 et
1189 2187 1265 2250 quas

236 2287 407 2368 provincias
440 2293 616 2349 tutarentur
647 2285 703 2350 sub
733 2285 871 2361 Tiberio,
905 2292 938 2347 ut
971 2284 1129 2362 ostendat,
1154 2291 1266 2369 quanto

235 2412 307 2467 tirno
340 2407 383 2467 eit
417 2405 577 2487 anpeetice
608 2405 813 2484 imperitatum
849 2403 894 2466 IV
926 2406 963 2481 4;
997 2412 1026 2467 et
1061 2405 1266 2469 memorabilis

234 2523 410 2607 praesertim
442 2523 493 2602 hic
527 2522 613 2587 locus
645 2529 691 2587 est
713 2522 760 2586 IV
785 2525 837 2586 32.
887 2524 1038 2607 Pleraque
1064 2546 1161 2586 eorum
1189 2546 1266 2607 quae

234 2643 343 2706 rettuli
365 2665 498 2727 quaeqae
519 2645 649 2728 referam
670 2665 767 2726 perca
782 2644 921 2725 forsitan
947 2649 977 2706 et
1002 2634 1081 2705 levia
1102 2651 1263 2705 memoratu

234 2766 331 2827 uideri
358 2765 477 2828 nesciae
505 2787 561 2827 noa
593 2786 678 2827 erem:
710 2766 765 2826 sed
793 2787 874 2828 nemo
905 2765 1031 2826 enucleo
1059 2773 1175 2827 nostroe
1197 2787 1263 2829 cum

232 2887 384 2968 scriptura
412 2908 510 2949 eorem
538 2887 738 2961 contenderit,
768 2885 821 2969 qui
855 2892 966 2947 veteres
992 2885 1102 2967 populi
1132 2885 1264 2947 Romani

233 3028 280 3068 ree
302 3007 504 3084 comperieere.
530 3005 670 3088 Irrpenta'a
695 3005 749 3067 illi
771 3005 866 3080 bella,
882 3005 1116 3087 eepapnationee
1132 3005 1263 3078 aretum,

222 3127 316 3208 furor
346 3131 507 3209 captosque
534 3146 615 3207 repee
647 3127 947 3188 ...memorabant
984 3123 1102 3186 Nobis
1125 3124 1263 3186 inerte

233 3251 268 3308 et
291 3245 478 3327 replerier
503 3245 625 3307 ledor:
650 3245 771 3306 immota
794 3244 904 3328 quippe
920 3251 974 3306 aet
991 3244 1101 3306 modice
1118 3243 1261 3307 lacessita

226 3388 305 3447 pue,
329 3371 455 3428 moestae
480 3366 562 3426 erbis
589 3386 635 3426 ree
664 3373 692 3426 et
712 3366 889 3448 princepe
910 3364 1129 3445 proferendi
1152 3365 1258 3445 impe-

230 3483 282 3546 rii
305 3483 525 3547 incuriosae
548 3491 645 3545 eret·
670 3482 806 3567 produnt
821 3483 895 3546 haec
913 3504 984 3546 sane
1001 3482 1097 3546 civem
1115 3481 1261 3566 pristinae

233 3602 365 3666 civitatis
389 3602 503 3686 gloriae
527 3609 694 3679 amantem,
719 3601 771 3665 sed
796 3602 924 3666 eundem
949 3602 1075 3686 politica
1098 3601 1261 3686 prudentia

233 3740 294 3783 uon
318 3719 408 3782 nimis
432 3719 583 3803 insignem
608 3727 637 3783 et
660 3719 729 3782 ideo
752 3742 859 3804 parum
879 3742 975 3803 aeque
998 3719 1191 3783 indicantem.

275 3837 321 3900 Ex
352 3838 456 3901 eodem
486 3838 571 3901 fonte
601 3837 736 3903 manavit
766 3838 846 3901 alius
874 3838 1029 3921 scriptoris
1053 3859 1151 3914 error,
1177 3836 1259 3918 quod

230 3978 340 4040 nempe
373 3978 422 4020 eas
451 3980 515 4035 res,
552 3979 630 4041 quae
663 3965 729 4021 tum
764 3965 867 4040 gestae
902 3964 973 4020 suut
1003 3955 1177 4038 quibusque
1207 3957 1259 4016 im·

230 4087 336 4142 motem
359 4088 414 4144 ent
437 4082 549 4144 modice
571 4089 692 4146 tantum
717 4083 887 4146 lacessitam
912 4103 976 4143 esse
1000 4101 1104 4163 pacem
1128 4077 1259 4142 declara·

228 4197 288 4275 vit,
313 4205 399 4263 tenta
425 4222 499 4263 cura
525 4208 649 4284 tamque
677 4202 798 4285 copiose
820 4200 971 4276 narravit,
996 4208 1031 4262 ut
1054 4198 1173 4282 imperii
1197 4220 1258 4260 sor·
