3008 4920
749 398 763 458 7

282 605 373 685 Quod
411 615 512 669 autem
543 605 581 669 de
604 604 823 669 incertitudine
847 604 956 668 horum
985 604 1118 668 fontium
1142 605 1185 669 sic
1209 606 1273 669 sine

238 725 404 790 involucris
437 724 576 790 testatus'
602 734 665 802 est,
697 724 729 787 id
761 724 868 807 quavis
900 725 999 809 operis
1028 725 1139 809 pagina
1166 727 1273 789 confir·

238 852 354 909 matum
388 845 545 909 habemus.
593 843 714 907 Etenim
755 844 792 907 de
829 843 916 907 nulla
954 866 1015 907 non
1052 867 1085 907 re
1119 845 1272 928 graviore,

237 972 292 1028 aut
326 963 456 1028 simulac
489 964 617 1027 interior
652 970 818 1027 eventuum
854 963 932 1026 ratio
967 963 1176 1047 dignoscenda
1207 974 1270 1043 est,

237 1084 436 1148 diversissimi
468 1105 623 1160 rumores,
660 1082 836 1167 opiniones,
862 1083 1053 1146 coniecturae
1077 1090 1272 1167 promuntur,

236 1204 383 1268 atrociore
414 1226 533 1288 semper
560 1202 640 1266 fama
671 1224 743 1285 erga
773 1202 999 1266 dominantium
1028 1203 1144 1279 exitus,
1170 1212 1207 1266 ut
1230 1204 1274 1267 ait

235 1321 281 1384 lv
320 1324 375 1397 ll,
411 1321 525 1406 quibus
560 1319 716 1384 tradendis
752 1329 874 1384 tantum
909 1320 1032 1397 Tacito,
1071 1321 1187 1407 quippe
1211 1346 1273 1387 cer·

235 1441 348 1506 tiorum
377 1442 498 1526 ignaro,
528 1441 707 1526 plerumque
731 1440 986 1524 acquiescendum
1011 1441 1081 1505 fuit.
1117 1441 1167 1506 Sic
1190 1442 1208 1505 I
1231 1447 1270 1507 3:

235 1560 367 1624 Lucium
395 1559 553 1624 Caesarem
586 1566 617 1624 et
647 1560 761 1623 Gaium
785 1583 866 1624 mors
894 1559 956 1623 fato
985 1583 1113 1645 propera
1145 1565 1192 1626 rel
1219 1586 1272 1627 no·

237 1700 340 1743 vercae
375 1678 482 1742 Liviae
511 1678 602 1742 dolus
634 1678 772 1742 abstulit.
800 1682 835 1754 5,
870 1701 1005 1742 rumores
1030 1678 1067 1742 de
1090 1688 1189 1744 morte
1209 1682 1272 1745 Au-

236 1799 336 1884 gusti,
382 1798 480 1880 (Suet.
521 1800 562 1861 98
602 1803 693 1883 sqq.).
736 1801 776 1861 53
816 1799 854 1861 de
885 1799 975 1862 caede
1008 1801 1162 1884 Agrippae
1197 1800 1272 1864 Pos-

235 1919 323 1982 tumi.
363 1917 397 1981 H
428 1920 486 1980 43:
529 1919 680 1981 Credidere
714 1919 826 2002 quidem
857 1916 929 1981 data
961 1927 991 1980 et
1023 1939 1040 1980 a
1069 1917 1193 1983 Tiberio
1224 1941 1271 1982 oc·

234 2037 319 2101 culta
349 2036 509 2113 mandata;
546 2045 576 2100 et
607 2036 785 2100 Plancinam
817 2038 900 2099 haud
929 2036 1015 2100 dubie
1046 2037 1188 2120 Augusta
1209 2059 1271 2100 mo·

234 2159 313 2222 nuit.
349 2162 409 2220 55:
441 2155 522 2242 quod
549 2156 632 2220 haud
655 2157 752 2220 invito
783 2157 966 2239 imperatore
990 2178 1024 2218 ea
1051 2157 1117 2219 fieri
1143 2158 1271 2221 occultus

233 2300 331 2341 rumor
350 2278 507 2343 incedebat.
542 2279 600 2341 73:
629 2297 739 2360 corpus
771 2275 989 2360 praetuleritne
1017 2276 1153 2339 veneficii
1183 2277 1270 2361 signe

227 2420 338 2480 perere
366 2398 516 2474 cordidit,-
547 2419 617 2460 uam
648 2405 684 2458 ut
714 2395 782 2478 quis
811 2394 1020 2458 misericordie
1050 2394 1082 2458 in
1113 2395 1271 2460 Germani-

233 2539 304 2580 cum
324 2524 355 2580 et
370 2525 566 2601 praesumpta
586 2516 762 2601 suspicione
781 2522 835 2578 aut
858 2514 960 2578 favore
983 2516 1016 2578 iu
1040 2516 1184 2580 Pisonem
1200 2539 1275 2601 pro·¹

233 2637 301 2701 nior
319 2639 426 2702 diversi
443 2639 718 2720 ebtmpretubantur.
748 2636 800 2699 ΙΙΙ
817 2640 854 2700 3;
872 2659 924 2700 reu
1002 2627 1055 2700 reu
1137 2637 1271 2731 Fufidius

232 2760 410 2822 crediderim.
450 2761 483 2821 8:
515 2780 614 2840 neque
641 2757 813 2821 dubitantur
836 2757 1021 2842 praescripta
1045 2757 1073 2820 ei
1097 2757 1225 2840 (Druso)
1251 2780 1269 2820 a

232 2878 364 2943 Tiberio.
405 2882 443 2942 14
465 2887 496 2942 et
522 2881 560 2943 16
586 2879 774 2963 suspiciones
791 2878 823 2941 in
839 2900 931 2942 causa
946 2876 1083 2953 Pisonis,
1101 2875 1269 2961 dequibus

231 2998 311 3062 infra
334 3020 431 3081 agam.
464 3001 521 3060 22:
547 2997 629 3081 quod
653 2998 709 3061 alii
731 2997 820 3061 civile
843 2997 1062 3061 rebantur
1088 2997 1205 3081 quidum
1230 2996 1269 3060 ad

232 3116 388 3180 saevitiam
413 3117 585 3181 trahebant.
623 3119 681 3179 64:
707 3116 824 3179 sincera
848 3115 949 3179 adhuc
972 3115 1053 3178 intra
1068 3123 1195 3178 matrem
1214 3115 1271 3178 fili-

232 3260 347 3321 umque
371 3236 534 3301 concordie
552 3242 612 3300 rire
630 3236 758 3300 occult-is
775 3235 864 3299 odiis.
902 3238 961 3300 67:
981 3259 1032 3299 cer
1047 3236 1164 3299 dubium
1187 3238 1288 3300 dade·-

232 3358 316 3420 datur
336 3356 479 3420 saevitiae
503 3363 722 3439 captarumque
746 3353 945 3438 pecuniarum
969 3352 1074 3416 haberi
1090 3375 1186 3416 reum.
1222 3351 1269 3415 IV

237 3480 274 3540 10
300 3499 344 3560 sq.
370 3498 506 3540 rumores
529 3476 567 3539 de
591 3475 685 3538 Drusi
709 3482 816 3538 morte.
853 3474 1125 3558 38zperstititque
1141 3472 1271 3557 posthac

234 3599 358 3661 secretis
393 3597 486 3660 etiam
523 3595 713 3660 sermonibus
748 3595 842 3658 talem
878 3596 926 3658 sui
955 3593 1073 3658 cultum
1105 3596 1269 3678 aspernari.

235 3715 327 3795 Quod
360 3717 416 3778 ulii
446 3714 644 3793 modestiam,
676 3716 761 3777 multi
792 3715 866 3799 quia
894 3713 1060 3793 diffideret,
1093 3716 1211 3800 quidem
1235 3723 1271 3780 ut

236 3839 395 3923 degeneris
427 3839 522 3902 animi
552 3838 840 3922 interpretabantur.
884 3840 923 3902 57
949 3860 1086 3901 rumores
1110 3836 1270 3901 decausis

234 3980 288 4021 cur
315 3959 346 4021 in
383 3957 514 4042 Capreas
550 3957 668 4020 insulas
693 3957 865 4034 secesserit,
893 3955 992 4043 (Suet.
1023 3959 1081 4033 39,
1112 3957 1163 4021 51.
1211 3956 1269 4019 Dio

234 4077 318 4142 Cass.
345 4080 397 4155 57,
423 4080 490 4164 12).
527 4077 555 4138 V
583 4080 639 4142 10:
665 4100 755 4162 neque
777 4099 832 4140 uos
861 4077 1009 4160 originem
1033 4079 1161 4140 finemve
1185 4075 1269 4139 illius

233 4196 274 4262 rei
305 4196 354 4280 (de
386 4196 634 4282 Pseudo-Druso)
666 4197 748 4261 ultra
777 4197 973 4280 comperimus.
1010 4195 1057 4259 VI
1086 4199 1146 4260 28:
1178 4195 1269 4260 tradi·
