3008 4920
768 413 812 472 34

273 612 495 686 romaniola,
519 617 611 677 etiam
631 618 790 697 fortuito,
823 619 867 678 ael
883 618 1014 698 ploriom
1036 618 1177 680 uertebat.
1221 616 1309 681 'libe-

272 730 353 794 rium
385 753 402 793 a
430 732 537 815 quavis
570 734 775 797 ostentatione
805 734 1044 797 remotissimum
1076 735 1170 797 fuisse
1203 755 1308 798 omnes

185 898 187 903 ⁸
272 851 471 915 consentiunt
503 851 601 938 (locos
634 852 702 916 vida
728 853 808 916 infra
838 875 867 936 p.
893 855 947 937 36)
958 878 968 930 ;
992 853 1101 937 probat
1128 859 1230 916 autem
1254 853 1309 917 illa

272 969 492 1033 animadversio
517 964 608 1052 quam
632 971 755 1054 penitus
779 971 985 1054 praeiudicata
1004 972 1041 1034 de
1057 971 1171 1034 Tiberii
1188 993 1306 1054 perver-

274 1089 363 1151 sitate
387 1088 491 1170 opinio
512 1088 609 1152 Taciti
633 1090 729 1152 menti
748 1089 920 1166 inhaereat,
937 1090 982 1152 ita
1005 1097 1041 1152 ut
1056 1089 1307 1153 innocentissima

271 1228 411 1289 quaeque
434 1207 465 1270 in
491 1207 576 1270 illius
601 1187 817 1272 contumeliam
840 1208 987 1272 vertenda
1009 1231 1073 1271 asse
1100 1209 1196 1292 potet.

315 1441 361 1504 IV
385 1465 451 1526 cap.
477 1447 517 1507 37
543 1465 609 1527 sqq.
658 1445 718 1505 Per
742 1444 817 1504 rilem
843 1450 958 1521 tempus
985 1443 1141 1523 Hispania
1165 1443 1304 1516 ulterior,

270 1542 372 1622 minoia
404 1564 447 1622 orl
476 1563 618 1623 Senatum
650 1562 774 1643 leqotia,
804 1563 903 1623 orauit
935 1568 968 1622 ut
1000 1560 1133 1638 eaemplo
1167 1561 1261 1622 Aoioe
1279 1558 1304 1643 ¹)

270 1681 423 1743 delubrum
461 1681 575 1742 lilerio
607 1681 755 1762 matrique
785 1680 851 1742 mur
878 1687 1013 1741 etrrreret.
1066 1681 1132 1747 Quo
1155 1668 1307 1741 oeaoiione

274 1803 398 1871 Caesar,
424 1799 546 1860 oalirlur
569 1798 687 1880 alioqui
710 1799 885 1878 spernendis
908 1797 1066 1858 lonorilao
1081 1804 1111 1858 et
1128 1797 1304 1876 reaponden·

270 1919 340 1978 llum
372 1923 456 1978 ratur
488 1918 540 1989 iio,
570 1937 692 1999 quorum
718 1937 834 1977 rumore
857 1915 1038 1996 arpuebolur
1060 1915 1093 1976 iu
1116 1915 1304 1977 ambitionem

265 2035 408 2119 stemate,
432 2034 637 2096 huiuscemodi
659 2035 822 2095 orationem
842 2035 945 2112 eoepit.
980 2031 1126 2115 Sequitur
1141 2032 1253 2109 oratio,
1270 2033 1302 2096 in

271 2177 332 2238 qua
363 2155 572 2229 memorabilia
601 2162 675 2219 sunt
706 2155 780 2218 haec
811 2155 920 2219 verba:
953 2157 1051 2236 Erpa
1080 2178 1144 2227 me,
1170 2163 1303 2236 patrer

269 2276 487 2357 conscripti,
510 2277 695 2337 mortalem
711 2296 788 2338 eree
803 2281 836 2337 et
851 2275 1025 2337 lominum
1041 2275 1181 2360 officia
1196 2274 1302 2355 funpn'

269 2395 436 2477 ratioque
466 2395 596 2456 holere
625 2395 658 2455 ai
688 2394 800 2456 loanni
831 2393 1029 2474 prinoipem
1059 2393 1241 2476 impleam,
1272 2402 1301 2455 et

269 2527 321 2574 noe
350 2520 442 2575 teotor
472 2520 501 2574 et
532 2512 700 2574 meminiooe
718 2519 852 2594 posteros
874 2513 960 2575 uolo:
982 2512 1035 2595 qui
1057 2514 1136 2573 satia
1157 2533 1303 2595 nuperque

268 2632 425 2694 memoriae-
448 2654 530 2693 meae
552 2631 700 2705 tribuent,
723 2639 758 2692 ul
773 2632 937 2693 maioribus
954 2633 1028 2693 meir
1048 2632 1182 2711 utiquam,
1204 2605 1302 2693 rernm

269 2757 437 2812 aestrorum
465 2750 841 2828 providumoouolonlem
864 2751 897 2812 in
917 2749 1080 2832 perieulis,
1104 2750 1301 2833 offeueionnm

262 2892 319 2951 pro
343 2870 483 2932 utilitate
500 2869 627 2950 prrllica
651 2890 706 2932 non
726 2870 872 2950 pavidum
896 2871 1027 2932 credant.
1068 2869 1155 2930 Haeo
1179 2870 1254 2931 mili
1269 2870 1302 2931 in

269 2989 510 3050 animisnostris
537 2989 665 3069 templa,
689 2990 746 3049 lae
772 2987 969 3069 pulcerrimae
991 2988 1103 3070 effipiea
1128 2995 1157 3048 et
1179 3009 1299 3050 monau-

247 3128 326 3170 .roe.
362 3107 445 3168 Nom
476 3127 554 3189 quae
584 3128 657 3168 aoao
687 3112 861 3178 struuntur,
892 3107 922 3168 ai
949 3106 1094 3168 iudicium
1114 3114 1300 3185 posterorum

267 3227 299 3285 iu
325 3226 424 3287 odium
449 3225 555 3295 oerlit,
568 3246 625 3306 pro
644 3205 795 3306 repuleris¹
815 3232 1006 3306 spernuntur.
1039 3225 1172 3287 Proinrle
1193 3225 1299 3296 aoeioe.

266 3346 347 3406 aioee
376 3352 405 3406 et
435 3346 505 3406 (leoo
536 3346 631 3426 r'poor
647 3365 762 3426 precor,
787 3344 851 3415 loa,
875 3352 910 3406 ut
935 3345 1075 3406 miliari
1088 3347 1183 3426 finem
1207 3364 1300 3428 neque

238 3488 239 3491 ¹
266 3466 350 3526 uitae
372 3464 500 3546 quietem
523 3475 553 3524 et
576 3463 798 3544 intelleqentem
816 3463 941 3524 lomoni
954 3463 1112 3546 elioinique
1125 3462 1205 3525 iuria
1219 3485 1299 3526 men·

265 3588 322 3644 tem
346 3582 450 3652 duint,
473 3580 563 3655 illae,
588 3586 638 3656 nt,
666 3582 841 3663 quandoque
863 3601 1043 3654 conoessero,
1066 3601 1130 3641 aum
1155 3579 1247 3642 laude
1268 3587 1298 3643 et

271 3757 421 3774 -ss

297 3889 321 3943 1)
338 3887 410 3938 Asiae
434 3888 503 3937 urbes
521 3888 607 3953 punito
626 3893 797 3953 procuratore,
819 3890 860 3954 qui
879 3890 1025 3954 provinciam
1044 3896 1183 3949 vexaverat,
1200 3895 1294 3955 gratum

263 3984 368 4034 animam
393 3985 585 4049 nigrificaverunt
607 3985 756 4034 decernanda
777 3986 869 4050 templa
886 3986 993 4045 Tiberio,
1011 3987 1084 4035 matri
1101 3991 1126 4036 et
1142 3987 1242 4036 Senatui
1260 3987 1294 4036 IV

264 4083 311 4140 15,
329 4083 375 4140 553
398 4081 436 4131 hia
461 4098 506 4130 non
531 4081 668 4130 adversatus
685 4087 747 4141 arat,
764 4082 821 4146 quio
835 4075 923 4135 'collui
948 4082 1039 4146 inquit,
1057 4097 1107 4130 meo
1124 4084 1245 4132 renorma
1261 4098 1296 4131 re-

262 4183 334 4228 natus
349 4179 530 4244 adimebatur.
548 4195 569 4228 a.
587 4178 629 4232 87.
844 4161 849 4173 ι
