<?xml version="1.0" encoding="UTF-8"?>
<!DOCTYPE html PUBLIC "-//W3C//DTD XHTML 1.0 Transitional//EN"
    "http://www.w3.org/TR/xhtml1/DTD/xhtml1-transitional.dtd">
<html xmlns="http://www.w3.org/1999/xhtml" xml:lang="en" lang="en">
 <head>
  <title>
</title>
<meta http-equiv="Content-Type" content="text/html;charset=utf-8" />
  <meta name='ocr-system' content='tesseract 3.04.00' />
  <meta name='ocr-capabilities' content='ocr_page ocr_carea ocr_par ocr_line ocrx_word'/>
</head>
<body>
  <div class='ocr_page' id='page_1' title='image "./depctacitifidei00karsgoog_0063.png"; bbox 0 0 3008 4920; ppageno 0'>
   <div class='ocr_carea' id='block_1_1' title="bbox 780 408 819 464">
    <p class='ocr_par' dir='ltr' id='par_1_1' title="bbox 780 408 819 464">
     <span class='ocr_line' id='line_1_1' title="bbox 780 408 819 464; baseline -0.051 0"><span class='ocrx_word' id='word_1_1' title='bbox 780 408 819 464; x_wconf 82' lang='lat'>50</span> 
     </span>
    </p>
   </div>
   <div class='ocr_carea' id='block_1_2' title="bbox 282 605 1316 694">
    <p class='ocr_par' dir='ltr' id='par_1_2' title="bbox 282 605 1316 694">
     <span class='ocr_line' id='line_1_2' title="bbox 282 605 1316 694; baseline 0.003 -24"><span class='ocrx_word' id='word_1_2' title='bbox 282 608 457 670; x_wconf 80' lang='lat' dir='ltr'>narratione</span> <span class='ocrx_word' id='word_1_3' title='bbox 489 605 628 671; x_wconf 84' lang='lat' dir='ltr'>Suetonii</span> <span class='ocrx_word' id='word_1_4' title='bbox 659 605 697 670; x_wconf 91' lang='lat' dir='ltr'>de</span> <span class='ocrx_word' id='word_1_5' title='bbox 717 605 833 675; x_wconf 73' lang='lat' dir='ltr'>,eedem</span> <span class='ocrx_word' id='word_1_6' title='bbox 862 629 911 683; x_wconf 90' lang='lat' dir='ltr'>re,</span> <span class='ocrx_word' id='word_1_7' title='bbox 936 629 952 671; x_wconf 92' lang='lat' dir='ltr'>e</span> <span class='ocrx_word' id='word_1_8' title='bbox 976 629 1038 692; x_wconf 83' lang='lat' dir='ltr'>que</span> <span class='ocrx_word' id='word_1_9' title='bbox 1058 607 1184 673; x_wconf 79' lang='lat' dir='ltr'>Tanites</span> <span class='ocrx_word' id='word_1_10' title='bbox 1206 609 1316 694; x_wconf 84' lang='lat' dir='ltr'>corrigi</span> 
     </span>
    </p>
   </div>
   <div class='ocr_carea' id='block_1_3' title="bbox 277 726 1317 1765">
    <p class='ocr_par' dir='ltr' id='par_1_3' title="bbox 277 726 1317 1765">
     <span class='ocr_line' id='line_1_3' title="bbox 280 726 1315 813; baseline 0.002 -25"><span class='ocrx_word' id='word_1_11' title='bbox 280 727 396 810; x_wconf 79' lang='lat' dir='ltr'>possit,</span> <span class='ocrx_word' id='word_1_12' title='bbox 421 747 447 790; x_wconf 90' lang='lat' dir='ltr'>o.</span> <span class='ocrx_word' id='word_1_13' title='bbox 474 727 526 789; x_wconf 80' lang='lat'>28.</span> <span class='ocrx_word' id='word_1_14' title='bbox 575 726 684 789; x_wconf 83' lang='lat' dir='ltr'>Sedet</span> <span class='ocrx_word' id='word_1_15' title='bbox 708 728 852 788; x_wconf 81' lang='lat' dir='ltr'>adversus</span> <span class='ocrx_word' id='word_1_16' title='bbox 878 726 1013 789; x_wconf 80' lang='lat' dir='ltr'>conuiuia</span> <span class='ocrx_word' id='word_1_17' title='bbox 1042 728 1197 813; x_wconf 82' lang='lat' dir='ltr'>malosque</span> <span class='ocrx_word' id='word_1_18' title='bbox 1218 749 1315 791; x_wconf 84' lang='lat' dir='ltr'>rumo-</span> 
     </span>
     <span class='ocr_line' id='line_1_4' title="bbox 280 846 1313 930; baseline 0.001 -22"><span class='ocrx_word' id='word_1_19' title='bbox 280 867 328 908; x_wconf 85' lang='lat' dir='ltr'>res</span> <span class='ocrx_word' id='word_1_20' title='bbox 358 853 388 908; x_wconf 82' lang='lat' dir='ltr'>et</span> <span class='ocrx_word' id='word_1_21' title='bbox 410 847 540 930; x_wconf 83' lang='lat' dir='ltr'>famosa</span> <span class='ocrx_word' id='word_1_22' title='bbox 569 848 606 908; x_wconf 83' lang='lat' dir='ltr'>de</span> <span class='ocrx_word' id='word_1_23' title='bbox 637 868 670 908; x_wconf 82' lang='lat' dir='ltr'>se</span> <span class='ocrx_word' id='word_1_24' title='bbox 697 869 734 910; x_wconf 84' lang='lat' dir='ltr'>uo</span> <span class='ocrx_word' id='word_1_25' title='bbox 763 846 831 923; x_wconf 80' lang='lat' dir='ltr'>suis</span> <span class='ocrx_word' id='word_1_26' title='bbox 864 848 1000 910; x_wconf 80' lang='lat' dir='ltr'>carmina</span> <span class='ocrx_word' id='word_1_27' title='bbox 1020 849 1168 930; x_wconf 83' lang='lat' dir='ltr'>firmus</span> <span class='ocrx_word' id='word_1_28' title='bbox 1190 870 1232 911; x_wconf 87' lang='lat' dir='ltr'>uo</span> <span class='ocrx_word' id='word_1_29' title='bbox 1248 869 1313 930; x_wconf 76' lang='lat' dir='ltr'>pu-</span> 
     </span>
     <span class='ocr_line' id='line_1_5' title="bbox 279 964 1315 1046; baseline -0.002 -18"><span class='ocrx_word' id='word_1_30' title='bbox 279 965 398 1043; x_wconf 81' lang='lat' dir='ltr'>iu&#39;eus,</span> <span class='ocrx_word' id='word_1_31' title='bbox 423 965 549 1027; x_wconf 81' lang='lat' dir='ltr'>subinde</span> <span class='ocrx_word' id='word_1_32' title='bbox 568 964 703 1028; x_wconf 72' lang='lat' dir='ltr'>iaciebat</span> <span class='ocrx_word' id='word_1_33' title='bbox 723 966 755 1025; x_wconf 84' lang='lat' dir='ltr'>iu</span> <span class='ocrx_word' id='word_1_34' title='bbox 779 964 906 1027; x_wconf 69' lang='lat' dir='ltr'>ciuitate</span> <span class='ocrx_word' id='word_1_35' title='bbox 929 965 1023 1026; x_wconf 78' lang='lat' dir='ltr'>libera</span> <span class='ocrx_word' id='word_1_36' title='bbox 1046 965 1205 1046; x_wconf 71' lang='lat' dir='ltr'>linquam</span> <span class='ocrx_word' id='word_1_37' title='bbox 1224 986 1315 1026; x_wconf 83' lang='lat' dir='ltr'>meu·</span> 
     </span>
     <span class='ocr_line' id='line_1_6' title="bbox 281 1085 1315 1168; baseline -0.002 -20"><span class='ocrx_word' id='word_1_38' title='bbox 281 1092 418 1168; x_wconf 71' lang='lat' dir='ltr'>terreque</span> <span class='ocrx_word' id='word_1_39' title='bbox 442 1085 579 1147; x_wconf 82' lang='lat' dir='ltr'>liberas</span> <span class='ocrx_word' id='word_1_40' title='bbox 601 1105 677 1146; x_wconf 83' lang='lat' dir='ltr'>esse</span> <span class='ocrx_word' id='word_1_41' title='bbox 700 1085 841 1156; x_wconf 71' lang='lat' dir='ltr'>debere:</span> <span class='ocrx_word' id='word_1_42' title='bbox 865 1091 893 1147; x_wconf 82' lang='lat' dir='ltr'>et</span> <span class='ocrx_word' id='word_1_43' title='bbox 917 1086 1065 1168; x_wconf 82' lang='lat' dir='ltr'>quondum</span> <span class='ocrx_word' id='word_1_44' title='bbox 1087 1090 1195 1148; x_wconf 78' lang='lat' dir='ltr'>senatu</span> <span class='ocrx_word' id='word_1_45' title='bbox 1214 1086 1315 1167; x_wconf 66' lang='lat' dir='ltr'>courri-</span> 
     </span>
     <span class='ocr_line' id='line_1_7' title="bbox 282 1201 1314 1286; baseline -0.003 -19"><span class='ocrx_word' id='word_1_46' title='bbox 282 1206 391 1268; x_wconf 75' lang='lat' dir='ltr'>tionem</span> <span class='ocrx_word' id='word_1_47' title='bbox 422 1205 459 1267; x_wconf 80' lang='lat' dir='ltr'>de</span> <span class='ocrx_word' id='word_1_48' title='bbox 489 1204 634 1266; x_wconf 81' lang='lat' dir='ltr'>eiusmodi</span> <span class='ocrx_word' id='word_1_49' title='bbox 663 1203 839 1266; x_wconf 70' lang='lat' dir='ltr'>criminibus</span> <span class='ocrx_word' id='word_1_50' title='bbox 869 1224 905 1265; x_wconf 84' lang='lat' dir='ltr'>ae</span> <span class='ocrx_word' id='word_1_51' title='bbox 935 1204 995 1264; x_wconf 79' lang='lat' dir='ltr'>reis</span> <span class='ocrx_word' id='word_1_52' title='bbox 1018 1203 1201 1286; x_wconf 56' lang='lat' dir='ltr'>flamiam,</span> <span class='ocrx_word' id='word_1_53' title='bbox 1232 1201 1268 1264; x_wconf 93' lang='lat' dir='ltr'><em>N</em></span> <span class='ocrx_word' id='word_1_54' title='bbox 1271 1223 1314 1266; x_wconf 73' lang='grc' dir='ltr'>οη</span> 
     </span>
     <span class='ocr_line' id='line_1_8' title="bbox 279 1323 1316 1408; baseline -0.002 -21"><span class='ocrx_word' id='word_1_55' title='bbox 279 1332 440 1402; x_wconf 83' lang='lat' dir='ltr'>tautum,</span> <span class='ocrx_word' id='word_1_56' title='bbox 463 1324 579 1408; x_wconf 79' lang='lat' dir='ltr'>iuquit,</span> <span class='ocrx_word' id='word_1_57' title='bbox 602 1324 671 1386; x_wconf 74' lang='lat' dir='ltr'>oris·</span> <span class='ocrx_word' id='word_1_58' title='bbox 693 1323 876 1400; x_wconf 80' lang='lat' dir='ltr'>iubemur,</span> <span class='ocrx_word' id='word_1_59' title='bbox 896 1331 936 1385; x_wconf 76' lang='lat' dir='ltr'>ret</span> <span class='ocrx_word' id='word_1_60' title='bbox 957 1323 1149 1406; x_wconf 79' lang='lat' dir='ltr'>impii-ears</span> <span class='ocrx_word' id='word_1_61' title='bbox 1164 1343 1227 1385; x_wconf 80' lang='lat' dir='ltr'>soe</span> <span class='ocrx_word' id='word_1_62' title='bbox 1240 1323 1316 1402; x_wconf 75' lang='lat' dir='ltr'>pls·</span> 
     </span>
     <span class='ocr_line' id='line_1_9' title="bbox 278 1441 1317 1528; baseline -0.003 -22"><span class='ocrx_word' id='word_1_63' title='bbox 278 1444 382 1506; x_wconf 84' lang='lat' dir='ltr'>ribus</span> <span class='ocrx_word' id='word_1_64' title='bbox 404 1443 572 1525; x_wconf 61' lang='lat' dir='ltr'>repotiis</span> <span class='ocrx_word' id='word_1_65' title='bbox 593 1443 807 1513; x_wconf 60' lang='lat' dir='ltr'>debeamun</span> <span class='ocrx_word' id='word_1_66' title='bbox 827 1443 869 1504; x_wconf 78' lang='lat' dir='ltr'>ei</span> <span class='ocrx_word' id='word_1_67' title='bbox 891 1441 984 1504; x_wconf 78' lang='lat' dir='ltr'>Irene</span> <span class='ocrx_word' id='word_1_68' title='bbox 996 1442 1212 1528; x_wconf 80' lang='lat' dir='ltr'>fenestram</span> <span class='ocrx_word' id='word_1_69' title='bbox 1235 1463 1317 1522; x_wconf 80' lang='lat' dir='ltr'>ape·</span> 
     </span>
     <span class='ocr_line' id='line_1_10' title="bbox 278 1558 1316 1643; baseline -0.003 -19"><span class='ocrx_word' id='word_1_70' title='bbox 278 1562 459 1636; x_wconf 75' lang='lat' dir='ltr'>riseritis,</span> <span class='ocrx_word' id='word_1_71' title='bbox 482 1559 586 1622; x_wconf 78' lang='lat' dir='ltr'>nihil</span> <span class='ocrx_word' id='word_1_72' title='bbox 607 1561 719 1622; x_wconf 81' lang='lat' dir='ltr'>uliud</span> <span class='ocrx_word' id='word_1_73' title='bbox 739 1562 803 1643; x_wconf 71' lang='lat' dir='ltr'>uqi</span> <span class='ocrx_word' id='word_1_74' title='bbox 826 1560 986 1623; x_wconf 79' lang='lat' dir='ltr'>sinetis:</span> <span class='ocrx_word' id='word_1_75' title='bbox 1010 1560 1169 1622; x_wconf 74' lang='lat' dir='ltr'>emerium</span> <span class='ocrx_word' id='word_1_76' title='bbox 1195 1558 1316 1621; x_wconf 79' lang='lat' dir='ltr'>inimi·</span> 
     </span>
     <span class='ocr_line' id='line_1_11' title="bbox 277 1679 1134 1765; baseline -0.005 -20"><span class='ocrx_word' id='word_1_77' title='bbox 277 1682 395 1746; x_wconf 83' lang='lat' dir='ltr'>eitiue</span> <span class='ocrx_word' id='word_1_78' title='bbox 418 1682 481 1743; x_wconf 76' lang='lat' dir='ltr'>hoe</span> <span class='ocrx_word' id='word_1_79' title='bbox 501 1687 696 1762; x_wconf 70' lang='lat' dir='ltr'>praeterio</span> <span class='ocrx_word' id='word_1_80' title='bbox 718 1681 765 1742; x_wconf 85' lang='lat' dir='ltr'>ud</span> <span class='ocrx_word' id='word_1_81' title='bbox 784 1701 847 1743; x_wconf 82' lang='lat' dir='ltr'>uos</span> <span class='ocrx_word' id='word_1_82' title='bbox 870 1681 1090 1762; x_wconf 81' lang='lat' dir='ltr'>deserentur.</span> <span class='ocrx_word' id='word_1_83' title='bbox 1109 1679 1134 1765; x_wconf 86' lang='lat'>¹)</span> 
     </span>
    </p>
   </div>
   <div class='ocr_carea' id='block_1_4' title="bbox 213 1958 1314 3468">
    <p class='ocr_par' dir='ltr' id='par_1_4' title="bbox 213 1958 1314 3468">
     <span class='ocr_line' id='line_1_12' title="bbox 278 1958 1313 2024; baseline -0.001 -14"><span class='ocrx_word' id='word_1_84' title='bbox 278 1959 379 2020; x_wconf 79' lang='lat' dir='ltr'>didisse,</span> <span class='ocrx_word' id='word_1_85' title='bbox 397 1974 457 2024; x_wconf 86' lang='lat' dir='ltr'>quse</span> <span class='ocrx_word' id='word_1_86' title='bbox 474 1959 574 2008; x_wconf 81' lang='lat' dir='ltr'>Seienrn</span> <span class='ocrx_word' id='word_1_87' title='bbox 590 1958 637 2022; x_wconf 88' lang='lat' dir='ltr'>ipsi</span> <span class='ocrx_word' id='word_1_88' title='bbox 654 1958 684 2008; x_wconf 81' lang='lat' dir='ltr'>de</span> <span class='ocrx_word' id='word_1_89' title='bbox 700 1958 749 2008; x_wconf 89' lang='lat' dir='ltr'>illis</span> <span class='ocrx_word' id='word_1_90' title='bbox 770 1962 892 2018; x_wconf 73' lang='lat' dir='ltr'>narraret,</span> <span class='ocrx_word' id='word_1_91' title='bbox 911 1974 971 2022; x_wconf 90' lang='lat' dir='ltr'>qnos</span> <span class='ocrx_word' id='word_1_92' title='bbox 987 1974 1032 2008; x_wconf 80' lang='lat' dir='ltr'>ssa</span> <span class='ocrx_word' id='word_1_93' title='bbox 1047 1964 1129 2023; x_wconf 73' lang='lat' dir='ltr'>speeie</span> <span class='ocrx_word' id='word_1_94' title='bbox 1146 1959 1247 2009; x_wconf 81' lang='lat' dir='ltr'>Seisnns</span> <span class='ocrx_word' id='word_1_95' title='bbox 1262 1974 1313 2024; x_wconf 83' lang='lat' dir='ltr'>per·</span> 
     </span>
     <span class='ocr_line' id='line_1_13' title="bbox 280 2048 1314 2120; baseline 0 -14"><span class='ocrx_word' id='word_1_96' title='bbox 280 2048 350 2106; x_wconf 70' lang='lat' dir='ltr'>didit.</span> <span class='ocrx_word' id='word_1_97' title='bbox 385 2056 434 2106; x_wconf 86' lang='lat' dir='ltr'>Vix</span> <span class='ocrx_word' id='word_1_98' title='bbox 452 2055 515 2105; x_wconf 89' lang='lat' dir='ltr'>enim</span> <span class='ocrx_word' id='word_1_99' title='bbox 532 2056 625 2120; x_wconf 79' lang='lat' dir='ltr'>sesequi</span> <span class='ocrx_word' id='word_1_100' title='bbox 637 2060 783 2119; x_wconf 51' lang='lat' dir='ltr'>&#39;pessumum</span> <span class='ocrx_word' id='word_1_101' title='bbox 801 2059 915 2120; x_wconf 72' lang='lat' dir='ltr'>quantem</span> <span class='ocrx_word' id='word_1_102' title='bbox 932 2055 973 2105; x_wconf 89' lang='lat' dir='ltr'>ille</span> <span class='ocrx_word' id='word_1_103' title='bbox 991 2056 1039 2104; x_wconf 87' lang='lat' dir='ltr'>vim</span> <span class='ocrx_word' id='word_1_104' title='bbox 1057 2061 1128 2120; x_wconf 86' lang='lat' dir='ltr'>utque</span> <span class='ocrx_word' id='word_1_105' title='bbox 1145 2056 1314 2107; x_wconf 70' lang='lat' dir='ltr'>anctoritatem</span> 
     </span>
     <span class='ocr_line' id='line_1_14' title="bbox 281 2151 1312 2217; baseline 0.002 -15"><span class='ocrx_word' id='word_1_106' title='bbox 281 2154 307 2202; x_wconf 91' lang='lat' dir='ltr'>in</span> <span class='ocrx_word' id='word_1_107' title='bbox 333 2169 374 2202; x_wconf 90' lang='lat' dir='ltr'>eos</span> <span class='ocrx_word' id='word_1_108' title='bbox 400 2153 547 2212; x_wconf 80' lang='lat' dir='ltr'>exercuerit,</span> <span class='ocrx_word' id='word_1_109' title='bbox 576 2167 678 2217; x_wconf 87' lang='lat' dir='ltr'>quorum</span> <span class='ocrx_word' id='word_1_110' title='bbox 707 2151 899 2202; x_wconf 78' lang='lat' dir='ltr'>benevolentiam</span> <span class='ocrx_word' id='word_1_111' title='bbox 929 2156 1024 2216; x_wconf 80' lang='lat' dir='ltr'>rupture</span> <span class='ocrx_word' id='word_1_112' title='bbox 1054 2153 1173 2203; x_wconf 76' lang='lat' dir='ltr'>studebit.</span> <span class='ocrx_word' id='word_1_113' title='bbox 1207 2155 1312 2204; x_wconf 72' lang='lat' dir='ltr'>Affertur</span> 
     </span>
     <span class='ocr_line' id='line_1_15' title="bbox 281 2248 1314 2315; baseline 0.001 -16"><span class='ocrx_word' id='word_1_114' title='bbox 281 2249 403 2314; x_wconf 82' lang='lat' dir='ltr'>exemplu:</span> <span class='ocrx_word' id='word_1_115' title='bbox 421 2249 542 2314; x_wconf 83' lang='lat' dir='ltr'>Repudiut</span> <span class='ocrx_word' id='word_1_116' title='bbox 562 2263 660 2305; x_wconf 86' lang='lat' dir='ltr'>uxorem</span> <span class='ocrx_word' id='word_1_117' title='bbox 685 2248 822 2313; x_wconf 80' lang='lat' dir='ltr'>Apiostem,</span> <span class='ocrx_word' id='word_1_118' title='bbox 847 2264 906 2313; x_wconf 84' lang='lat' dir='ltr'>quse</span> <span class='ocrx_word' id='word_1_119' title='bbox 923 2252 1004 2298; x_wconf 85' lang='lat' dir='ltr'>temen</span> <span class='ocrx_word' id='word_1_120' title='bbox 1021 2249 1072 2298; x_wconf 88' lang='lat' dir='ltr'>eius</span> <span class='ocrx_word' id='word_1_121' title='bbox 1089 2249 1178 2299; x_wconf 76' lang='lat' dir='ltr'>seelera</span> <span class='ocrx_word' id='word_1_122' title='bbox 1196 2266 1243 2299; x_wconf 89' lang='lat' dir='ltr'>non</span> <span class='ocrx_word' id='word_1_123' title='bbox 1262 2266 1314 2315; x_wconf 80' lang='lat' dir='ltr'>pro·</span> 
     </span>
     <span class='ocr_line' id='line_1_16' title="bbox 281 2346 1314 2412; baseline 0.002 -16"><span class='ocrx_word' id='word_1_124' title='bbox 281 2346 332 2406; x_wconf 83' lang='lat' dir='ltr'>dit,</span> <span class='ocrx_word' id='word_1_125' title='bbox 350 2347 396 2395; x_wconf 90' lang='lat' dir='ltr'>nisi</span> <span class='ocrx_word' id='word_1_126' title='bbox 415 2354 469 2411; x_wconf 90' lang='lat' dir='ltr'>post</span> <span class='ocrx_word' id='word_1_127' title='bbox 487 2349 604 2406; x_wconf 88' lang='lat' dir='ltr'>mortem;</span> <span class='ocrx_word' id='word_1_128' title='bbox 621 2351 730 2411; x_wconf 76' lang='lat' dir='ltr'>stuprat,</span> <span class='ocrx_word' id='word_1_129' title='bbox 740 2347 819 2396; x_wconf 25' lang='lat' dir='ltr'>&gt;homo</span> <span class='ocrx_word' id='word_1_130' title='bbox 836 2363 911 2397; x_wconf 85' lang='lat' dir='ltr'>novus</span> <span class='ocrx_word' id='word_1_131' title='bbox 928 2352 953 2397; x_wconf 87' lang='lat' dir='ltr'>et</span> <span class='ocrx_word' id='word_1_132' title='bbox 969 2351 1082 2412; x_wconf 81' lang='lat' dir='ltr'>proveeta</span> <span class='ocrx_word' id='word_1_133' title='bbox 1098 2348 1147 2398; x_wconf 83' lang='lat' dir='ltr'>ism</span> <span class='ocrx_word' id='word_1_134' title='bbox 1162 2352 1253 2408; x_wconf 80' lang='lat' dir='ltr'>estete,</span> <span class='ocrx_word' id='word_1_135' title='bbox 1265 2364 1314 2398; x_wconf 87' lang='lat' dir='ltr'>ms·</span> 
     </span>
     <span class='ocr_line' id='line_1_17' title="bbox 220 2442 1312 2510; baseline 0.002 -18"><span class='ocrx_word' id='word_1_136' title='bbox 220 2446 223 2453; x_wconf 89' lang='grc'><strong>“</strong></span> <span class='ocrx_word' id='word_1_137' title='bbox 281 2447 364 2493; x_wconf 82' lang='lat' dir='ltr'>tronss</span> <span class='ocrx_word' id='word_1_138' title='bbox 387 2442 546 2492; x_wconf 80' lang='lat' dir='ltr'>nobilissimae</span> <span class='ocrx_word' id='word_1_139' title='bbox 565 2459 592 2493; x_wconf 85' lang='lat' dir='ltr'>ue</span> <span class='ocrx_word' id='word_1_140' title='bbox 615 2443 692 2493; x_wconf 89' lang='lat' dir='ltr'>multo</span> <span class='ocrx_word' id='word_1_141' title='bbox 715 2444 833 2504; x_wconf 85' lang='lat' dir='ltr'>iuniores,</span> <span class='ocrx_word' id='word_1_142' title='bbox 855 2445 948 2494; x_wconf 76' lang='lat' dir='ltr'>Liviam</span> <span class='ocrx_word' id='word_1_143' title='bbox 972 2449 997 2494; x_wconf 88' lang='lat' dir='ltr'>et</span> <span class='ocrx_word' id='word_1_144' title='bbox 1018 2447 1048 2494; x_wconf 77' lang='lat' dir='ltr'>A.</span> <span class='ocrx_word' id='word_1_145' title='bbox 1066 2445 1194 2510; x_wconf 80' lang='lat' dir='ltr'>Lepidum,</span> <span class='ocrx_word' id='word_1_146' title='bbox 1212 2449 1240 2495; x_wconf 87' lang='lat' dir='ltr'>ut</span> <span class='ocrx_word' id='word_1_147' title='bbox 1256 2445 1312 2496; x_wconf 80' lang='lat' dir='ltr'>dein</span> 
     </span>
     <span class='ocr_line' id='line_1_18' title="bbox 278 2534 1311 2605; baseline 0.005 -18"><span class='ocrx_word' id='word_1_148' title='bbox 278 2538 364 2588; x_wconf 84' lang='lat' dir='ltr'>hurum</span> <span class='ocrx_word' id='word_1_149' title='bbox 389 2554 433 2602; x_wconf 87' lang='lat' dir='ltr'>ope</span> <span class='ocrx_word' id='word_1_150' title='bbox 449 2538 562 2601; x_wconf 84' lang='lat' dir='ltr'>meritos,</span> <span class='ocrx_word' id='word_1_151' title='bbox 580 2539 686 2589; x_wconf 78' lang='lat' dir='ltr'>Drusum</span> <span class='ocrx_word' id='word_1_152' title='bbox 704 2540 728 2588; x_wconf 89' lang='lat'>11</span> <span class='ocrx_word' id='word_1_153' title='bbox 745 2544 770 2589; x_wconf 89' lang='lat' dir='ltr'>et</span> <span class='ocrx_word' id='word_1_154' title='bbox 786 2540 840 2600; x_wconf 89' lang='lat'>111,</span> <span class='ocrx_word' id='word_1_155' title='bbox 860 2540 885 2589; x_wconf 92' lang='lat' dir='ltr'>in</span> <span class='ocrx_word' id='word_1_156' title='bbox 903 2541 1033 2605; x_wconf 75' lang='lat' dir='ltr'>perniciem</span> <span class='ocrx_word' id='word_1_157' title='bbox 1050 2541 1133 2592; x_wconf 79' lang='lat' dir='ltr'>trudit</span> <span class='ocrx_word' id='word_1_158' title='bbox 1150 2534 1190 2602; x_wconf 83' lang='lat' dir='ltr'>(ei.</span> <span class='ocrx_word' id='word_1_159' title='bbox 1208 2541 1264 2591; x_wconf 75' lang='lat' dir='ltr'>Teo.</span> <span class='ocrx_word' id='word_1_160' title='bbox 1284 2541 1311 2592; x_wconf 89' lang='lat'>11.</span> 
     </span>
     <span class='ocr_line' id='line_1_19' title="bbox 213 2613 1312 2706; baseline 0.004 -22"><span class='ocrx_word' id='word_1_161' title='bbox 213 2699 217 2706; x_wconf 37' lang='grc'><strong>,</strong></span> <span class='ocrx_word' id='word_1_162' title='bbox 278 2635 319 2685; x_wconf 72' lang='grc' dir='ltr'>ον.</span> <span class='ocrx_word' id='word_1_163' title='bbox 342 2638 367 2684; x_wconf 70' lang='lat' dir='ltr'>et</span> <span class='ocrx_word' id='word_1_164' title='bbox 389 2634 425 2683; x_wconf 88' lang='lat' dir='ltr'>v1</span> <span class='ocrx_word' id='word_1_165' title='bbox 448 2637 481 2684; x_wconf 75' lang='lat' dir='ltr'>ro</span> <span class='ocrx_word' id='word_1_166' title='bbox 502 2638 527 2684; x_wconf 77' lang='lat' dir='ltr'>n</span> <span class='ocrx_word' id='word_1_167' title='bbox 547 2634 595 2684; x_wconf 77' lang='lat' dir='ltr'>nro</span> <span class='ocrx_word' id='word_1_168' title='bbox 618 2635 684 2685; x_wconf 67' lang='lat' dir='ltr'>ciis.</span> <span class='ocrx_word' id='word_1_169' title='bbox 704 2636 755 2696; x_wconf 73' lang='lat' dir='ltr'>ss,</span> <span class='ocrx_word' id='word_1_170' title='bbox 774 2637 803 2696; x_wconf 85' lang='lat' dir='ltr'>s,</span> <span class='ocrx_word' id='word_1_171' title='bbox 821 2637 862 2700; x_wconf 81' lang='lat' dir='ltr'>qui</span> <span class='ocrx_word' id='word_1_172' title='bbox 880 2613 965 2687; x_wconf 57' lang='lat' dir='ltr'>auerti</span> <span class='ocrx_word' id='word_1_173' title='bbox 979 2644 1057 2695; x_wconf 55' lang='lat' dir='ltr'>ereis</span> <span class='ocrx_word' id='word_1_174' title='bbox 1072 2644 1120 2706; x_wconf 65' lang='grc' dir='ltr'>γὰρ</span> <span class='ocrx_word' id='word_1_175' title='bbox 1136 2642 1166 2696; x_wconf 70' lang='grc' dir='ltr'>νς</span> <span class='ocrx_word' id='word_1_176' title='bbox 1183 2641 1254 2690; x_wconf 61' lang='lat' dir='ltr'>ernis</span> <span class='ocrx_word' id='word_1_177' title='bbox 1269 2643 1312 2696; x_wconf 61' lang='lat' dir='ltr'>su</span> 
     </span>
     <span class='ocr_line' id='line_1_20' title="bbox 277 2735 1311 2802; baseline 0.002 -17"><span class='ocrx_word' id='word_1_178' title='bbox 277 2745 321 2785; x_wconf 79' lang='grc' dir='ltr'>τῶν</span> <span class='ocrx_word' id='word_1_179' title='bbox 338 2738 448 2801; x_wconf 71' lang='grc' dir='ltr'><strong><em>ἐπιφανῶν</em></strong></span> <span class='ocrx_word' id='word_1_180' title='bbox 469 2735 554 2800; x_wconf 75' lang='grc' dir='ltr'><strong><em>ἀνδρῶν</em></strong></span> <span class='ocrx_word' id='word_1_181' title='bbox 574 2741 681 2799; x_wconf 69' lang='grc' dir='ltr'><strong><em>γαμετὰς</em></strong></span> <span class='ocrx_word' id='word_1_182' title='bbox 706 2737 819 2801; x_wconf 58' lang='lat' dir='ltr'>porgitur</span> <span class='ocrx_word' id='word_1_183' title='bbox 843 2740 874 2786; x_wconf 79' lang='lat' dir='ltr'>sot</span> <span class='ocrx_word' id='word_1_184' title='bbox 896 2754 924 2786; x_wconf 79' lang='lat' dir='ltr'>ss</span> <span class='ocrx_word' id='word_1_185' title='bbox 946 2738 1056 2799; x_wconf 74' lang='grc' dir='ltr'>λεγόμενα</span> <span class='ocrx_word' id='word_1_186' title='bbox 1073 2738 1088 2792; x_wconf 74' lang='grc' dir='ltr'><strong>ἤ</strong></span> <span class='ocrx_word' id='word_1_187' title='bbox 1105 2738 1143 2786; x_wconf 79' lang='grc' dir='ltr'>καὶ</span> <span class='ocrx_word' id='word_1_188' title='bbox 1159 2741 1311 2802; x_wconf 65' lang='lat' dir='ltr'>usserium</span> 
     </span>
     <span class='ocr_line' id='line_1_21' title="bbox 278 2828 1312 2896; baseline -0.002 -16"><span class='ocrx_word' id='word_1_189' title='bbox 278 2828 316 2882; x_wconf 74' lang='grc' dir='ltr'>ὑπ’</span> <span class='ocrx_word' id='word_1_190' title='bbox 332 2834 417 2881; x_wconf 69' lang='grc' dir='ltr'><strong><em>ἐκείνων</em></strong></span> <span class='ocrx_word' id='word_1_191' title='bbox 432 2834 542 2894; x_wconf 64' lang='grc' dir='ltr'>ἐμάνθανε</span> <span class='ocrx_word' id='word_1_192' title='bbox 559 2832 617 2892; x_wconf 75' lang='lat' dir='ltr'>uri.)</span> <span class='ocrx_word' id='word_1_193' title='bbox 642 2831 761 2879; x_wconf 84' lang='lat' dir='ltr'>Neronem</span> <span class='ocrx_word' id='word_1_194' title='bbox 779 2831 859 2896; x_wconf 84' lang='lat' dir='ltr'>perdit</span> <span class='ocrx_word' id='word_1_195' title='bbox 876 2846 918 2894; x_wconf 87' lang='lat' dir='ltr'>per</span> <span class='ocrx_word' id='word_1_196' title='bbox 935 2831 1034 2879; x_wconf 71' lang='lat' dir='ltr'>finirem</span> <span class='ocrx_word' id='word_1_197' title='bbox 1051 2829 1158 2879; x_wconf 85' lang='lat' dir='ltr'>Drusum</span> <span class='ocrx_word' id='word_1_198' title='bbox 1168 2845 1209 2893; x_wconf 73' lang='lat' dir='ltr'>epe</span> <span class='ocrx_word' id='word_1_199' title='bbox 1221 2829 1312 2879; x_wconf 76' lang='lat' dir='ltr'>obieris</span> 
     </span>
     <span class='ocr_line' id='line_1_22' title="bbox 274 2909 1311 2990; baseline 0 -15"><span class='ocrx_word' id='word_1_200' title='bbox 274 2925 391 2988; x_wconf 63' lang='lat' dir='ltr'>pmndpir</span> <span class='ocrx_word' id='word_1_201' title='bbox 414 2925 461 2974; x_wconf 80' lang='lat' dir='ltr'>Ioci</span> <span class='ocrx_word' id='word_1_202' title='bbox 483 2926 517 2973; x_wconf 83' lang='lat' dir='ltr'>tv</span> <span class='ocrx_word' id='word_1_203' title='bbox 540 2928 580 2975; x_wconf 82' lang='lat'>60.</span> <span class='ocrx_word' id='word_1_204' title='bbox 610 2926 645 2975; x_wconf 92' lang='lat' dir='ltr'>Ut</span> <span class='ocrx_word' id='word_1_205' title='bbox 662 2909 819 2990; x_wconf 80' lang='lat' dir='ltr'>Agrippinam</span> <span class='ocrx_word' id='word_1_206' title='bbox 841 2926 939 2990; x_wconf 83' lang='lat' dir='ltr'>perdet,</span> <span class='ocrx_word' id='word_1_207' title='bbox 963 2931 1074 2975; x_wconf 87' lang='lat' dir='ltr'>mutuum</span> <span class='ocrx_word' id='word_1_208' title='bbox 1098 2927 1149 2975; x_wconf 90' lang='lat' dir='ltr'>eins</span> <span class='ocrx_word' id='word_1_209' title='bbox 1171 2931 1197 2976; x_wconf 89' lang='lat' dir='ltr'>et</span> <span class='ocrx_word' id='word_1_210' title='bbox 1220 2925 1311 2975; x_wconf 85' lang='lat' dir='ltr'>&#39;l&#39;iberii</span> 
     </span>
     <span class='ocr_line' id='line_1_23' title="bbox 279 3017 1311 3086; baseline 0.001 -15"><span class='ocrx_word' id='word_1_211' title='bbox 279 3023 362 3071; x_wconf 86' lang='lat' dir='ltr'>odium</span> <span class='ocrx_word' id='word_1_212' title='bbox 379 3029 495 3086; x_wconf 79' lang='lat' dir='ltr'>provocet</span> <span class='ocrx_word' id='word_1_213' title='bbox 512 3026 584 3086; x_wconf 82' lang='lat' dir='ltr'>utque</span> <span class='ocrx_word' id='word_1_214' title='bbox 601 3022 645 3070; x_wconf 85' lang='lat' dir='ltr'>elit</span> <span class='ocrx_word' id='word_1_215' title='bbox 661 3038 705 3086; x_wconf 88' lang='lat' dir='ltr'>per</span> <span class='ocrx_word' id='word_1_216' title='bbox 721 3023 904 3072; x_wconf 73' lang='lat' dir='ltr'>calumniatores</span> <span class='ocrx_word' id='word_1_217' title='bbox 924 3022 969 3085; x_wconf 91' lang='lat' dir='ltr'>(IV</span> <span class='ocrx_word' id='word_1_218' title='bbox 989 3022 1032 3081; x_wconf 83' lang='lat'>12,</span> <span class='ocrx_word' id='word_1_219' title='bbox 1051 3017 1098 3080; x_wconf 74' lang='lat'>54,</span> <span class='ocrx_word' id='word_1_220' title='bbox 1115 3022 1147 3075; x_wconf 81' lang='lat' dir='ltr'>ot</span> <span class='ocrx_word' id='word_1_221' title='bbox 1165 3023 1186 3071; x_wconf 88' lang='lat' dir='ltr'>V</span> <span class='ocrx_word' id='word_1_222' title='bbox 1204 3023 1238 3085; x_wconf 80' lang='lat' dir='ltr'>ii.)</span> <span class='ocrx_word' id='word_1_223' title='bbox 1271 3022 1311 3072; x_wconf 77' lang='lat' dir='ltr'>&#39;ui-</span> 
     </span>
     <span class='ocr_line' id='line_1_24' title="bbox 277 3119 1310 3180; baseline 0.001 -12"><span class='ocrx_word' id='word_1_224' title='bbox 277 3119 370 3168; x_wconf 89' lang='lat' dir='ltr'>berium</span> <span class='ocrx_word' id='word_1_225' title='bbox 388 3120 456 3169; x_wconf 87' lang='lat' dir='ltr'>bonis</span> <span class='ocrx_word' id='word_1_226' title='bbox 473 3119 578 3169; x_wconf 80' lang='lat' dir='ltr'>consiliis</span> <span class='ocrx_word' id='word_1_227' title='bbox 595 3126 620 3168; x_wconf 86' lang='lat' dir='ltr'>et</span> <span class='ocrx_word' id='word_1_228' title='bbox 636 3120 739 3169; x_wconf 82' lang='lat' dir='ltr'>iortnito</span> <span class='ocrx_word' id='word_1_229' title='bbox 756 3119 871 3170; x_wconf 79' lang='lat' dir='ltr'>beneficio</span> <span class='ocrx_word' id='word_1_230' title='bbox 888 3120 934 3169; x_wconf 86' lang='lat' dir='ltr'>sibi</span> <span class='ocrx_word' id='word_1_231' title='bbox 952 3120 1059 3169; x_wconf 79' lang='lat' dir='ltr'>devincit</span> <span class='ocrx_word' id='word_1_232' title='bbox 1076 3120 1112 3168; x_wconf 92' lang='lat' dir='ltr'>1v</span> <span class='ocrx_word' id='word_1_233' title='bbox 1129 3120 1153 3180; x_wconf 76' lang='lat'>7,</span> <span class='ocrx_word' id='word_1_234' title='bbox 1168 3121 1207 3170; x_wconf 75' lang='grc'>89.</span> <span class='ocrx_word' id='word_1_235' title='bbox 1233 3120 1310 3170; x_wconf 84' lang='lat' dir='ltr'>Petri-</span> 
     </span>
     <span class='ocr_line' id='line_1_25' title="bbox 279 3211 1308 3277; baseline 0 -15"><span class='ocrx_word' id='word_1_236' title='bbox 279 3213 322 3262; x_wconf 85' lang='lat' dir='ltr'>eiis</span> <span class='ocrx_word' id='word_1_237' title='bbox 339 3229 367 3262; x_wconf 87' lang='lat' dir='ltr'>eo</span> <span class='ocrx_word' id='word_1_238' title='bbox 386 3212 540 3262; x_wconf 76' lang='lat' dir='ltr'>Senatoribus</span> <span class='ocrx_word' id='word_1_239' title='bbox 557 3211 635 3261; x_wconf 86' lang='lat' dir='ltr'>utitur</span> <span class='ocrx_word' id='word_1_240' title='bbox 652 3215 766 3276; x_wconf 85' lang='lat' dir='ltr'>tanquem</span> <span class='ocrx_word' id='word_1_241' title='bbox 783 3212 900 3262; x_wconf 87' lang='lat' dir='ltr'>ministris</span> <span class='ocrx_word' id='word_1_242' title='bbox 915 3212 951 3262; x_wconf 85' lang='lat' dir='ltr'>IV</span> <span class='ocrx_word' id='word_1_243' title='bbox 969 3213 1014 3272; x_wconf 83' lang='lat' dir='ltr'>lo,</span> <span class='ocrx_word' id='word_1_244' title='bbox 1031 3213 1064 3261; x_wconf 86' lang='lat' dir='ltr'>oe</span> <span class='ocrx_word' id='word_1_245' title='bbox 1080 3228 1115 3277; x_wconf 72' lang='lat' dir='ltr'>sq,</span> <span class='ocrx_word' id='word_1_246' title='bbox 1134 3212 1170 3260; x_wconf 91' lang='lat' dir='ltr'>VI</span> <span class='ocrx_word' id='word_1_247' title='bbox 1187 3213 1210 3262; x_wconf 83' lang='lat'>8.</span> <span class='ocrx_word' id='word_1_248' title='bbox 1239 3211 1308 3262; x_wconf 81' lang='lat' dir='ltr'>Unus</span> 
     </span>
     <span class='ocr_line' id='line_1_26' title="bbox 275 3308 1313 3374; baseline -0.002 -15"><span class='ocrx_word' id='word_1_249' title='bbox 275 3326 331 3360; x_wconf 88' lang='lat' dir='ltr'>enm</span> <span class='ocrx_word' id='word_1_250' title='bbox 354 3308 476 3374; x_wconf 82' lang='lat' dir='ltr'>perspexit</span> <span class='ocrx_word' id='word_1_251' title='bbox 498 3309 567 3373; x_wconf 87' lang='lat' dir='ltr'>eique</span> <span class='ocrx_word' id='word_1_252' title='bbox 589 3309 684 3358; x_wconf 88' lang='lat' dir='ltr'>obstitit</span> <span class='ocrx_word' id='word_1_253' title='bbox 701 3308 791 3358; x_wconf 83' lang='lat' dir='ltr'>Tiberii</span> <span class='ocrx_word' id='word_1_254' title='bbox 809 3308 884 3368; x_wconf 86' lang='lat' dir='ltr'>tilius,</span> <span class='ocrx_word' id='word_1_255' title='bbox 904 3325 975 3373; x_wconf 90' lang='lat' dir='ltr'>quem</span> <span class='ocrx_word' id='word_1_256' title='bbox 997 3309 1080 3358; x_wconf 84' lang='lat' dir='ltr'>stetim</span> <span class='ocrx_word' id='word_1_257' title='bbox 1100 3325 1113 3358; x_wconf 93' lang='grc' dir='ltr'><strong><em>ο</em></strong></span> <span class='ocrx_word' id='word_1_258' title='bbox 1134 3309 1214 3358; x_wconf 84' lang='lat' dir='ltr'>medio</span> <span class='ocrx_word' id='word_1_259' title='bbox 1234 3311 1313 3358; x_wconf 89' lang='lat' dir='ltr'>sustu·</span> 
     </span>
     <span class='ocr_line' id='line_1_27' title="bbox 274 3402 1311 3468; baseline -0.001 -15"><span class='ocrx_word' id='word_1_260' title='bbox 274 3404 399 3453; x_wconf 80' lang='lat' dir='ltr'>nilve.</span> <span class='ocrx_word' id='word_1_261' title='bbox 430 3403 500 3453; x_wconf 81' lang='lat' dir='ltr'>Hane</span> <span class='ocrx_word' id='word_1_262' title='bbox 524 3404 602 3453; x_wconf 85' lang='lat' dir='ltr'>Seieni</span> <span class='ocrx_word' id='word_1_263' title='bbox 620 3404 801 3468; x_wconf 71' lang='lat' dir='ltr'>perversitatem</span> <span class='ocrx_word' id='word_1_264' title='bbox 819 3408 845 3453; x_wconf 89' lang='lat' dir='ltr'>et</span> <span class='ocrx_word' id='word_1_265' title='bbox 862 3406 968 3455; x_wconf 74' lang='lat' dir='ltr'>furorem</span> <span class='ocrx_word' id='word_1_266' title='bbox 986 3407 1069 3468; x_wconf 82' lang='lat' dir='ltr'>postes</span> <span class='ocrx_word' id='word_1_267' title='bbox 1087 3404 1181 3453; x_wconf 86' lang='lat' dir='ltr'>demum</span> <span class='ocrx_word' id='word_1_268' title='bbox 1200 3402 1311 3452; x_wconf 77' lang='lat' dir='ltr'>&#39;liberius</span> 
     </span>
    </p>
   </div>
   <div class='ocr_carea' id='block_1_5' title="bbox 178 3495 1311 3562">
    <p class='ocr_par' dir='ltr' id='par_1_5' title="bbox 178 3495 1311 3562">
     <span class='ocr_line' id='line_1_28' title="bbox 178 3495 1311 3562; baseline 0 -14"><span class='ocrx_word' id='word_1_269' title='bbox 178 3515 179 3518; x_wconf 47' lang='lat'>¹</span> <span class='ocrx_word' id='word_1_270' title='bbox 274 3498 407 3562; x_wconf 80' lang='lat' dir='ltr'>comperit,</span> <span class='ocrx_word' id='word_1_271' title='bbox 430 3514 506 3562; x_wconf 86' lang='lat' dir='ltr'>neque</span> <span class='ocrx_word' id='word_1_272' title='bbox 527 3498 625 3547; x_wconf 89' lang='lat' dir='ltr'>omnino</span> <span class='ocrx_word' id='word_1_273' title='bbox 642 3497 702 3546; x_wconf 81' lang='lat' dir='ltr'>telus</span> <span class='ocrx_word' id='word_1_274' title='bbox 724 3501 795 3557; x_wconf 87' lang='lat' dir='ltr'>sunt,</span> <span class='ocrx_word' id='word_1_275' title='bbox 819 3513 879 3562; x_wconf 74' lang='lat' dir='ltr'>qnae</span> <span class='ocrx_word' id='word_1_276' title='bbox 903 3498 928 3546; x_wconf 95' lang='lat' dir='ltr'>in</span> <span class='ocrx_word' id='word_1_277' title='bbox 952 3498 1125 3547; x_wconf 72' lang='lat' dir='ltr'>commentario</span> <span class='ocrx_word' id='word_1_278' title='bbox 1148 3498 1177 3547; x_wconf 83' lang='lat' dir='ltr'>de</span> <span class='ocrx_word' id='word_1_279' title='bbox 1197 3497 1245 3548; x_wconf 81' lang='lat' dir='ltr'>vite</span> <span class='ocrx_word' id='word_1_280' title='bbox 1268 3495 1311 3548; x_wconf 75' lang='lat' dir='ltr'>sut</span> 
     </span>
    </p>
   </div>
   <div class='ocr_carea' id='block_1_6' title="bbox 270 3593 1331 4124">
    <p class='ocr_par' dir='ltr' id='par_1_6' title="bbox 270 3593 1331 3946">
     <span class='ocr_line' id='line_1_29' title="bbox 273 3593 1311 3660; baseline -0.002 -15"><span class='ocrx_word' id='word_1_281' title='bbox 273 3594 382 3660; x_wconf 77' lang='lat' dir='ltr'>scripsit:</span> <span class='ocrx_word' id='word_1_282' title='bbox 409 3593 521 3644; x_wconf 82' lang='lat' dir='ltr'>Seianum</span> <span class='ocrx_word' id='word_1_283' title='bbox 544 3609 569 3643; x_wconf 82' lang='lat' dir='ltr'>re</span> <span class='ocrx_word' id='word_1_284' title='bbox 588 3593 697 3657; x_wconf 74' lang='lat' dir='ltr'>purius,</span> <span class='ocrx_word' id='word_1_285' title='bbox 721 3594 786 3658; x_wconf 79' lang='lat' dir='ltr'>quod</span> <span class='ocrx_word' id='word_1_286' title='bbox 810 3593 959 3656; x_wconf 79' lang='lat' dir='ltr'>comperisset</span> <span class='ocrx_word' id='word_1_287' title='bbox 975 3595 1068 3659; x_wconf 72' lang='lat' dir='ltr'>serere</span> <span class='ocrx_word' id='word_1_288' title='bbox 1090 3595 1204 3643; x_wconf 75' lang='lat' dir='ltr'>aumm</span> <span class='ocrx_word' id='word_1_289' title='bbox 1225 3593 1311 3643; x_wconf 80' lang='lat' dir='ltr'>liberos</span> 
     </span>
     <span class='ocr_line' id='line_1_30' title="bbox 275 3678 1331 3753; baseline -0.003 -13"><span class='ocrx_word' id='word_1_290' title='bbox 275 3687 409 3740; x_wconf 78' lang='lat' dir='ltr'>Gernsasriei</span> <span class='ocrx_word' id='word_1_291' title='bbox 420 3688 474 3753; x_wconf 79' lang='lat' dir='ltr'>filii</span> <span class='ocrx_word' id='word_1_292' title='bbox 492 3688 537 3737; x_wconf 84' lang='lat' dir='ltr'>sui.</span> <span class='ocrx_word' id='word_1_293' title='bbox 563 3688 630 3737; x_wconf 84' lang='lat' dir='ltr'>Suet.</span> <span class='ocrx_word' id='word_1_294' title='bbox 646 3685 692 3738; x_wconf 81' lang='lat' dir='ltr'>ol.</span> <span class='ocrx_word' id='word_1_295' title='bbox 725 3689 835 3752; x_wconf 78' lang='lat' dir='ltr'>Eumque</span> <span class='ocrx_word' id='word_1_296' title='bbox 859 3692 940 3737; x_wconf 85' lang='lat' dir='ltr'>tumen</span> <span class='ocrx_word' id='word_1_297' title='bbox 964 3690 1064 3738; x_wconf 84' lang='lat' dir='ltr'>sensisse</span> <span class='ocrx_word' id='word_1_298' title='bbox 1087 3705 1155 3739; x_wconf 89' lang='lat' dir='ltr'>susm</span> <span class='ocrx_word' id='word_1_299' title='bbox 1172 3688 1245 3739; x_wconf 80' lang='lat' dir='ltr'>fuisse</span> <span class='ocrx_word' id='word_1_300' title='bbox 1262 3678 1331 3752; x_wconf 46' lang='lat' dir='ltr'>pri-¹</span> 
     </span>
     <span class='ocr_line' id='line_1_31' title="bbox 272 3782 1302 3851; baseline 0.001 -18"><span class='ocrx_word' id='word_1_301' title='bbox 272 3783 371 3834; x_wconf 84' lang='lat' dir='ltr'>merium</span> <span class='ocrx_word' id='word_1_302' title='bbox 397 3782 505 3847; x_wconf 83' lang='lat' dir='ltr'>uulpem,</span> <span class='ocrx_word' id='word_1_303' title='bbox 530 3783 564 3831; x_wconf 89' lang='lat' dir='ltr'>nii</span> <span class='ocrx_word' id='word_1_304' title='bbox 586 3785 675 3833; x_wconf 87' lang='lat' dir='ltr'>uertius</span> <span class='ocrx_word' id='word_1_305' title='bbox 694 3784 781 3848; x_wconf 80' lang='lat' dir='ltr'>probet</span> <span class='ocrx_word' id='word_1_306' title='bbox 805 3800 876 3849; x_wconf 82' lang='lat' dir='ltr'>quum</span> <span class='ocrx_word' id='word_1_307' title='bbox 896 3785 1058 3837; x_wconf 83' lang='lat' dir='ltr'>miserrimum</span> <span class='ocrx_word' id='word_1_308' title='bbox 1075 3785 1190 3851; x_wconf 70' lang='lat' dir='ltr'>epistolae</span> <span class='ocrx_word' id='word_1_309' title='bbox 1206 3785 1302 3835; x_wconf 85' lang='lat' dir='ltr'>initium</span> 
     </span>
     <span class='ocr_line' id='line_1_32' title="bbox 270 3879 503 3946; baseline -0.013 -15"><span class='ocrx_word' id='word_1_310' title='bbox 270 3880 334 3946; x_wconf 83' lang='lat' dir='ltr'>spui</span> <span class='ocrx_word' id='word_1_311' title='bbox 351 3880 408 3929; x_wconf 81' lang='lat' dir='ltr'>Teo.</span> <span class='ocrx_word' id='word_1_312' title='bbox 427 3879 461 3928; x_wconf 93' lang='lat' dir='ltr'>v1</span> <span class='ocrx_word' id='word_1_313' title='bbox 480 3881 503 3929; x_wconf 85' lang='grc'>6.</span> 
     </span>
    </p>

    <p class='ocr_par' dir='ltr' id='par_1_7' title="bbox 270 3974 1303 4124">
     <span class='ocr_line' id='line_1_33' title="bbox 306 3974 1303 4042; baseline 0.002 -17"><span class='ocrx_word' id='word_1_314' title='bbox 306 3977 331 4037; x_wconf 89' lang='grc'>1)</span> <span class='ocrx_word' id='word_1_315' title='bbox 348 3974 440 4024; x_wconf 78' lang='lat' dir='ltr'>Eodem</span> <span class='ocrx_word' id='word_1_316' title='bbox 462 3975 554 4023; x_wconf 83' lang='lat' dir='ltr'>dnount</span> <span class='ocrx_word' id='word_1_317' title='bbox 570 3989 631 4038; x_wconf 84' lang='lat' dir='ltr'>ques</span> <span class='ocrx_word' id='word_1_318' title='bbox 647 3976 722 4025; x_wconf 86' lang='lat' dir='ltr'>reiert</span> <span class='ocrx_word' id='word_1_319' title='bbox 739 3991 760 4026; x_wconf 91' lang='grc' dir='ltr'>ο.</span> <span class='ocrx_word' id='word_1_320' title='bbox 779 3977 811 4026; x_wconf 79' lang='grc'>59</span> <span class='ocrx_word' id='word_1_321' title='bbox 829 3977 846 4026; x_wconf 86' lang='lat' dir='ltr'>i.</span> <span class='ocrx_word' id='word_1_322' title='bbox 863 3977 911 4026; x_wconf 91' lang='lat' dir='ltr'>Dio</span> <span class='ocrx_word' id='word_1_323' title='bbox 929 3977 995 4027; x_wconf 80' lang='lat' dir='ltr'>Cass.</span> <span class='ocrx_word' id='word_1_324' title='bbox 1011 3979 1057 4042; x_wconf 73' lang='lat' dir='ltr'>tii,</span> <span class='ocrx_word' id='word_1_325' title='bbox 1075 3976 1102 4037; x_wconf 79' lang='grc'>7,</span> <span class='ocrx_word' id='word_1_326' title='bbox 1121 3980 1136 4027; x_wconf 77' lang='grc'>9</span> <span class='ocrx_word' id='word_1_327' title='bbox 1153 3981 1179 4028; x_wconf 86' lang='lat' dir='ltr'>et</span> <span class='ocrx_word' id='word_1_328' title='bbox 1195 3976 1303 4028; x_wconf 84' lang='lat' dir='ltr'>iebuloss</span> 
     </span>
     <span class='ocr_line' id='line_1_34' title="bbox 270 4069 1260 4124; baseline 0.004 -4"><span class='ocrx_word' id='word_1_329' title='bbox 270 4072 376 4120; x_wconf 81' lang='lat' dir='ltr'>nerestio</span> <span class='ocrx_word' id='word_1_330' title='bbox 392 4070 419 4119; x_wconf 88' lang='lat' dir='ltr'>in</span> <span class='ocrx_word' id='word_1_331' title='bbox 437 4069 476 4120; x_wconf 78' lang='lat'>18.</span> <span class='ocrx_word' id='word_1_332' title='bbox 510 4070 548 4119; x_wconf 89' lang='lat' dir='ltr'>De</span> <span class='ocrx_word' id='word_1_333' title='bbox 565 4069 655 4119; x_wconf 80' lang='lat' dir='ltr'>Tiberii</span> <span class='ocrx_word' id='word_1_334' title='bbox 672 4071 860 4121; x_wconf 72' lang='lat' dir='ltr'>commutatione</span> <span class='ocrx_word' id='word_1_335' title='bbox 877 4072 921 4121; x_wconf 85' lang='lat' dir='ltr'>sub</span> <span class='ocrx_word' id='word_1_336' title='bbox 939 4073 1024 4122; x_wconf 74' lang='lat' dir='ltr'>Seiano</span> <span class='ocrx_word' id='word_1_337' title='bbox 1040 4073 1072 4123; x_wconf 86' lang='lat' dir='ltr'>oi.</span> <span class='ocrx_word' id='word_1_338' title='bbox 1089 4089 1110 4124; x_wconf 88' lang='lat' dir='ltr'>o.</span> <span class='ocrx_word' id='word_1_339' title='bbox 1128 4074 1160 4123; x_wconf 80' lang='lat' dir='ltr'>le</span> <span class='ocrx_word' id='word_1_340' title='bbox 1177 4077 1202 4123; x_wconf 89' lang='lat' dir='ltr'>et</span> <span class='ocrx_word' id='word_1_341' title='bbox 1219 4073 1260 4124; x_wconf 76' lang='lat'>2⁸.</span> 
     </span>
    </p>
   </div>
   <div class='ocr_carea' id='block_1_7' title="bbox 0 0 1508 4920">
    <p class='ocr_par' dir='ltr' id='par_1_8' title="bbox 0 0 1508 4920">
     <span class='ocr_line' id='line_1_35' title="bbox 0 0 1508 4920; baseline 0 3"><span class='ocrx_word' id='word_1_342' title='bbox 0 0 1508 4920; x_wconf 95' lang='lat' dir='ltr'> </span> 
     </span>
    </p>
   </div>
  </div>
 </body>
</html>
