3008 4920
711 429 795 491 ’34

256 632 389 711 inserui,
413 634 460 698 uti
487 633 521 697 ΙΙ
548 636 584 711 5,
609 637 670 711 42,
696 637 757 711 43,
784 636 844 712 55,
871 637 910 700 77
921 661 930 712 ;
965 635 1012 698 his
1037 636 1145 700 addam
1171 635 1290 715 Ml,

257 755 310 819 ubi
341 755 493 838 descripto
523 753 686 838 splendido
717 753 892 818 Germanici
924 756 1081 840 triumpho
1105 757 1150 820 ita
1174 757 1291 841 pergit:

254 876 313 936 aed·
332 874 487 936 auderat
512 873 659 936 occulta
674 874 844 958 formido
868 879 1093 958 reputantibus,
1117 879 1201 939 haud
1221 899 1292 959 pro·

254 1015 372 1076 sperum
408 995 440 1055 in
481 994 577 1056 llruao
605 1004 696 1076 patre
719 994 785 1056 eiua
805 995 963 1078 succrem-
982 996 1084 1079 vulpi,
1111 998 1293 1060 cumaculam

255 1115 387 1176 eiusdem
411 1113 594 1176 Marcellum
614 1115 821 1198 firmantibus
842 1116 942 1194 plebia
962 1118 1076 1181 studiis
1092 1119 1174 1181 intra
1192 1120 1295 1181 iucen-

255 1240 316 1296 tum
341 1240 493 1315 ereptam:
519 1235 549 1295 in
567 1240 671 1296 auctor
691 1236 800 1314 populi
826 1236 955 1296 Romani
980 1259 1107 1299 amores:
1139 1238 1160 1301 i.
1179 1259 1216 1314 e,
1244 1238 1293 1301 uti

68 1337 73 1345 ¹
132 1442 134 1446 p
256 1353 385 1416 deliciae
409 1352 518 1437 populi
542 1352 709 1417 Marcellus
733 1375 760 1417 a.
778 1357 819 1417 23
845 1352 974 1419 a.O.11.
1000 1356 1187 1440 (exemplum
1204 1357 1294 1441 louge

256 1475 402 1560 petitum)
436 1483 465 1538 et
496 1475 618 1539 Drusus
650 1498 676 1539 a.
711 1479 729 1539 9
761 1497 792 1558 p.
821 1473 856 1538 Ο.
890 1499 920 1539 n.
950 1485 1069 1539 mature
1100 1477 1163 1539 fato
1196 1478 1294 1541 functi

258 1607 363 1676 erant,
396 1599 440 1663 ita
472 1598 510 1662 de
534 1599 717 1663 Germanico
741 1599 824 1684 plebi
847 1600 1020 1684 gratissimo
1045 1599 1125 1664 idem
1148 1608 1212 1664 erat
1234 1623 1295 1664 me·
1393 1611 1396 1617 '

257 1725 318 1782 tus.
336 1718 359 1802 1)
398 1717 454 1781 list
487 1717 560 1781 haec
596 1740 679 1781 mera
714 1719 892 1803 superstitio
925 1719 1028 1804 vulgi,
1064 1742 1143 1804 quae
1171 1719 1296 1783 Tacitea
1392 1764 1420 1792 μ

256 1837 408 1921 gravitate
431 1837 528 1900 relata
552 1837 735 1901 Germanico
759 1837 889 1922 legentis
914 1839 1170 1917 misericordiam,
1188 1840 1294 1903 odium

257 1978 330 2021 vero
363 1957 401 2021 iis
433 1957 487 2040 qui
518 1957 684 2021 adversarii
719 1958 783 2021 eius
818 1958 912 2022 fuisse
944 1968 1108 2043 putantur,
1143 1960 1295 2023 immerito

259 2079 414 2143 conciliat.
454 2079 544 2143 Adde
568 2087 724 2163 praeterea
747 2078 801 2142 ΠΙ
824 2081 862 2156 2,
887 2078 933 2142 IV
960 2082 988 2143 1.

301 2199 367 2263 Iam
388 2200 528 2264 refutatis
553 2199 590 2263 iis
607 2222 685 2284 quae
706 2199 837 2284 scriptor
855 2200 1032 2283 imperatori
1053 2201 1173 2264 crimini
1193 2199 1294 2265 danda

258 2341 322 2383 esse
342 2319 489 2396 credidit,
510 2342 619 2403 nempe
633 2319 732 2404 quod
745 2319 966 2383 Germanici
982 2328 1069 2384 acta
1085 2320 1294 2403 aliquando

257 2439 511 2523 vituperavit,
537 2439 660 2522 ipsum
684 2437 847 2503 eGallia
878 2440 1071 2502 revocavit
1094 2448 1129 2502 et
1152 2447 1295 2503 remoto

257 2557 386 2622 Silano
406 2558 571 2643 datoque
593 2579 815 2622 successore
834 2559 972 2623 Pisone
991 2560 1095 2623 misit
1115 2560 1152 2622 in
1167 2558 1295 2623 Orien·

256 2689 329 2748 tem
353 2679 508 2742 -iuxta
541 2700 692 2763 ponamus
720 2701 756 2742 ea
782 2701 861 2763 quae
893 2701 1011 2763 aequa
1035 2679 1235 2744 voluntate
1262 2680 1294 2743 in

258 2797 477 2863 Germanicum
501 2822 571 2864 eum
594 2798 690 2863 fuisse
714 2807 890 2884 coarguant.
996 2853 998 2858 .

305 2922 333 2983 l.
358 2917 431 2982 Nou
455 2919 841 2984 revocavitGermanicum
866 2942 892 2984 a.
913 2923 969 3019 14’·
981 2942 1166 3005 quamquam
1183 2920 1296 2985 milites

257 3059 361 3102 ansam
386 3037 591 3121 praebuerant
616 3038 691 3102 huic
706 3039 869 3124 imperium
887 3038 1066 3115 deferendo,
1085 3060 1141 3102 nec
1157 3039 1254 3121 magis
1267 3060 1294 3101 a.

259 3159 320 3235 16,
337 3157 410 3222 licet
433 3157 493 3221 iam
506 3165 574 3222 tum
586 3165 690 3222 motus
702 3157 839 3223 Orientis
855 3166 1032 3244 praetextus
1049 3181 1114 3222 csse
1134 3159 1294 3244 potuisset.

306 3280 337 3341 2.
362 3277 440 3341 Rata
465 3276 574 3342 habuit
599 3300 677 3362 quae
701 3278 739 3342 G.
757 3279 909 3342 seditiosis
926 3288 1115 3350 concesserat
1131 3279 1148 3342 I
1164 3282 1223 3371 36,
1242 3282 1294 3356 52,

257 3419 447 3482 quamquam
480 3420 543 3462 non
575 3397 715 3461 Tiberius
747 3405 869 3462 tantum
900 3398 952 3462 sed
980 3399 1038 3482 ipsi
1063 3398 1147 3461 illius
1170 3399 1296 3462 comites

258 3523 289 3580 et
320 3516 411 3580 amici
440 3518 520 3579 satia
550 3538 699 3602 superque
721 3518 862 3580 mollibus
886 3517 1034 3580 consultis
1054 3524 1209 3600 peccatum
1232 3540 1296 3581 aare

258 3638 436 3720 aryuedant.
462 3659 487 3700 c.
512 3639 566 3700 40.

305 3758 339 3820 3.
363 3754 485 3819 Retulit
508 3755 705 3840 laudavitque
728 3755 759 3820 in
785 3732 900 3820 Seiratu
924 3757 989 3821 eius
1013 3780 1061 3821 res
1082 3766 1182 3842 gestas
1198 3778 1224 3821 o.
1244 3759 1296 3821 53.

303 3878 334 3938 4.
360 3875 492 3939 Decreto
525 3874 689 3960 triumpho·
716 3875 754 3939 G.
787 3898 891 3939 nomen
915 3879 1108 3960 imperatoria
1132 3900 1151 3939 u
1180 3877 1296 3940 Tiberio

258 3995 386 4075 accepit.
416 4016 442 4058 c.
469 3997 520 4060 58.

292 4231 317 4292 1)
335 4230 428 4280 Similia
445 4230 474 4280 ds
491 4232 571 4282 Druso
589 4232 678 4283 'liberii
695 4234 745 4284 filio
762 4235 837 4285 refert
853 4235 901 4285 Dio
918 4235 985 4286 Casa.
1004 4195 1048 4296 ct,
1067 4236 1107 4287 20.
