3008 4920
764 437 801 498 17

264 645 491 706 desiderabilior
505 647 596 727 fleret
613 644 638 728 ¹)
667 681 703 690 -
731 642 782 706 sed
807 643 911 706 relatis
936 643 983 705 his
1009 644 1183 708 rumoribus
1209 644 1299 707 veris-

265 764 339 827 sime
358 765 402 827 111
425 762 596 828 concludit:
622 763 741 827 Adduci
768 771 866 826 tamem
890 786 1014 847 nequeo,
1038 766 1109 848 quire
1135 767 1300 828 eeistimem

265 885 592 964 circumspectissimum
612 891 641 945 et
657 884 927 966 prudentissimum
944 885 1108 968 principem
1122 887 1146 968 2)
1165 885 1197 947 iu
1215 892 1301 948 tauto

263 1004 439 1082 praesertim
466 1003 583 1082 nepotio
610 1003 692 1063 uidit
714 1011 821 1064 temere
835 1003 972 1088 fecisse,·
1000 1005 1054 1066 sed
1075 1003 1163 1066 uitiis
1190 1004 1302 1065 liberii

265 1123 486 1208 uirtutibusque
500 1125 658 1206 perpensis
673 1125 806 1205 potiores
825 1124 948 1186 diruisse
963 1126 1098 1187 uirtutes.
1123 1123 1181 1187 His
1197 1132 1300 1186 autem

266 1254 406 1329 excerpta
430 1246 592 1330 subiungit
616 1268 650 1309 ex
676 1246 773 1330 ipsius
797 1245 933 1328 Augusti
957 1245 1113 1330 epistolis,
1138 1245 1169 1309 11
1187 1244 1301 1328 quibus

265 1363 419 1429 Tiberium
444 1372 478 1428 ut
497 1366 717 1448 peritissimum
741 1367 786 1456 rei
808 1366 956 1429 militaris
974 1373 1064 1449 utque
1079 1366 1199 1428 roricum
1215 1366 1250 1428 P.
1263 1365 1300 1426 u.

260 1487 448 1568 praesidium
464 1489 660 1571 prosequitur
666 1515 681 1563 ;
701 1486 813 1570 quibus
830 1500 931 1550 tamen
949 1485 1138 1549 callidissimi
1156 1485 1301 1571 principis

266 1607 433 1670 enuntiatis
464 1606 631 1671 cavendum
656 1629 721 1671 esse
745 1607 807 1670 seio
831 1629 868 1670 ne
892 1607 984 1670 nimis
1008 1584 1172 1671 tribuatur.

312 1727 447 1811 Apparet
474 1725 569 1812 igitur
601 1725 742 1790 Suetonii
771 1726 951 1790 sententiam
977 1725 1141 1789 convenire
1166 1746 1235 1788 cum
1260 1724 1301 1787 al-

266 1852 330 1909 tera
358 1867 454 1928 eaque
487 1845 603 1908 mitiori
633 1844 731 1909 Tac-iti
755 1846 897 1930 opinione
905 1871 914 1922 ;
940 1844 978 1908 ad
1002 1844 1080 1908 hanc
1105 1851 1207 1908 autem
1232 1866 1302 1907 con·

267 1962 445 2027 firmandam
470 1964 560 2048 plura
583 1970 778 2028 corrourruut.
815 1963 971 2041 Primum,
996 1987 1059 2026 eam
1077 1971 1143 2027 tum
1161 1986 1177 2025 a
1193 1963 1300 2026 Tacito

267 2083 414 2168 prolatam
439 2106 519 2160 esse,
545 2106 639 2166 quum
664 2087 738 2146 doto
762 2107 850 2163 opero
874 2084 911 2147 de
936 2083 1117 2148 tribuniciae
1140 2083 1299 2168 potestatis

266 2205 384 2288 origine
406 2205 574 2287 inquireret
606 2204 705 2288 deque
736 2205 851 2284 0111111,
881 2226 936 2267 our
959 2206 1121 2287 Augustus
1145 2203 1299 2267 Neronem

268 2321 304 2384 ad
330 2344 483 2385 summum
507 2320 584 2384 illud
613 2321 732 2405 imperii
755 2322 912 2406 fastigium
937 2322 1103 2385 vocaverit:
1122 2343 1227 2405 porro,
1244 2321 1300 2384 Ta·

268 2441 382 2518 citum,
413 2440 637 2505 severissimum
669 2462 839 2518 censore-m,
871 2440 914 2503 ibi
947 2441 1077 2504 maxime
1110 2440 1298 2504 audiendum

267 2580 332 2622 esse
356 2558 409 2623 ubi
432 2580 519 2622 reum
543 2558 688 2622 absolvit:
707 2559 838 2643 denique
854 2560 1010 2644 optionem
1028 2560 1110 2634 inter
1124 2555 1300 2638 Tiberium,

267 2678 367 2741 virum
390 2681 537 2762 eprepium
562 2681 627 2742 oito
651 2687 681 2742 et
695 2680 789 2765 famo
813 2678 860 2742 VI
885 2682 937 2757 ni,
962 2681 1007 2744 rei
1031 2680 1171 2744 militaris
1192 2702 1226 2744 ao
1247 2703 1301 2764 pu-

267 2796 364 2860 blicae
387 2819 447 2860 usu
469 2797 595 2878 tritum,
614 2805 644 2861 et
661 2798 893 2876 Germanicum,
910 2800 1051 2863 iuvenem
1072 2803 1112 2862 19
1134 2821 1299 2877 antrorum,

268 2917 322 2999 qui
352 2915 443 2981 modo
475 2917 513 2981 ad
543 2941 639 3002 remp.
668 2928 850 2996 accesserat,
875 2919 929 2983 diu
954 2919 1126 3004 ambiguam
1150 2942 1214 2982 esse
1238 2943 1300 2984 uon

268 3038 412 3121 potuisse.
456 3038 516 3115 At,
549 3048 674 3121 quaerat
708 3039 795 3122 quis,
825 3061 880 3103 our
907 3040 938 3103 in
967 3040 1054 3118 initio
1086 3040 1185 3124 operis
1217 3040 1298 3104 aliud

267 3158 341 3221 tulit
363 3157 539 3222 indicium?
570 3157 653 3237 Quia
675 3159 713 3222 de
740 3182 772 3223 re
796 3160 906 3237 dubis,
933 3161 985 3223 sed
1010 3183 1101 3243 quam
1126 3161 1201 3224 seire
1225 3160 1301 3222 mul·

266 3277 409 3341 titudinis
442 3277 605 3355 intererat,
638 3279 714 3342 varii
746 3277 882 3343 rumores
910 3281 1063 3358 exierant,
1091 3280 1138 3344 uti
1169 3287 1300 3343 testatur

266 3396 432 3461 Suetonius
445 3398 489 3480 ³);
515 3420 647 3482 quorum
671 3397 739 3476 ille,
765 3399 944 3463 decantatus
969 3400 1078 3484 vulgo,
1103 3407 1212 3485 sponte
1232 3402 1302 3464 sori·

266 3565 429 3579 ψ

304 3668 326 3728 1)
343 3667 450 3716 Eandem
473 3646 579 3732 ineptam
606 3669 765 3732 suspicionem
789 3674 905 3718 memorat
926 3669 1076 3734 explicatque
1097 3671 1152 3719 Tac.
1174 3670 1186 3718 I
1206 3670 1252 3729 10,
1274 3671 1303 3719 ad

269 3767 338 3815 ouius
357 3767 427 3816 verba
445 3769 538 3817 Etenim
554 3795 589 3806 -
605 3770 756 3832 exprobraret
774 3769 804 3818 ci.
823 3769 889 3818 Suet.
907 3769 932 3818 ll.
949 3772 971 3817 et
990 3785 1009 3818 c.
1028 3770 1067 3818 68.

303 3864 329 3926 1)
347 3865 415 3928 Quae
433 3868 499 3914 tanta
518 3866 568 3914 luit
585 3864 712 3929 prudentia
730 3870 757 3914 nt
775 3865 916 3924 „Sermones
934 3881 1028 3930 quoque
1045 3882 1099 3916 01111
1117 3865 1218 3928 singulis
1235 3870 1305 3930 atque

226 3984 247 4017 e
272 3961 342 4010 etiam
364 3978 416 4011 cum
438 3963 505 4012 Liuia
527 3980 571 4013 suo
589 3964 720 4028 graviores,
738 3964 833 4013 nonnisi
855 3965 957 4030 scriptos
979 3968 1003 4013 et
1020 3981 1033 4012 1
1051 3963 1132 4012 libello
1150 3963 1258 4022 haberet,
1277 3979 1306 4011 11

273 4057 327 4120 plus
344 4057 452 4106 minusve
469 4059 608 4122 loqueretur
626 4074 656 4108 ex
674 4060 808 4123 tempore.”
843 4060 909 4112 Suet.
928 4063 989 4124 Aug.
1007 4063 1046 4110 84.

308 4153 333 4213 3)
350 4153 472 4202 01111111
491 4154 537 4203 Dio
556 4155 651 4203 Cassius
670 4155 713 4213 53,
733 4155 777 4204 lii:
799 4155 839 4220 qui
853 4156 932 4215 locus,
944 4172 1016 4220 supra
1028 4172 1071 4220 pro
1083 4160 1150 4220 parte
1163 4155 1308 4218 descriptus,

272 4252 336 4301 lectu
355 4256 390 4302 est
408 4251 568 4317 dignissimus.
597 4253 664 4303 Facit
681 4253 826 4303 mentionem
846 4254 874 4303 11
892 4255 981 4304 Tiberii
999 4255 1128 4318 adoptione
1147 4256 1191 4311 55,
1210 4253 1250 4302 13.

1166 4353 1185 4408 2
