3008 4920
763 422 804 482 30

264 624 299 688 Π
322 628 376 702 47,
406 623 452 687 IV
477 627 571 710 13.’1)
620 624 731 708 Itaque
762 623 865 686 inania
895 630 969 686 sunt
999 630 1029 686 et
1053 645 1149 707 paene
1173 623 1300 688 dixerim

265 743 482 806 malevola-
505 743 565 806 nisi
592 763 714 806 nossem
746 742 885 806 Tacitum
919 764 1020 805 veram
1052 765 1139 806 suam
1168 753 1300 808 mentem

263 864 446 949 expressisse
457 892 502 913 uu
514 884 592 947 quae
615 863 706 926 modo
730 863 832 926 citatis
857 861 957 926 verbis
974 884 1010 926 ex
1027 862 1044 926 I
1061 866 1101 926 80
1120 863 1298 949 subiungit:

262 1006 371 1048 causae
402 987 509 1047 cariae
539 985 722 1047 traduntur:
754 986 815 1045 alii
840 985 965 1046 taedio
989 970 1099 1047 corace
1122 1007 1300 1051 curce...

263 1107 385 1190 prridcm
416 1106 583 1178 irrrrc'de'a,
606 1126 644 1166 ne
664 1105 769 1187 plures
789 1104 966 1183 fruerentur
974 1126 983 1177 ;
1008 1113 1093 1179 sunt,
1116 1107 1170 1188 qui
1194 1107 1298 1169 coisti-

264 1232 359 1299 mcnt,
375 1233 425 1287 ct
457 1226 604 1288 callidum
638 1225 704 1286 eius
739 1225 891 1305 inpertiam
923 1224 969 1285 ira
1002 1224 1125 1286 accirem
1155 1224 1301 1288 indicium

264 1367 289 1408 e.
302 1367 330 1427 q.
343 1366 367 1408 s.
403 1343 523 1407 Horum
547 1342 757 1427 suspicionum
774 1342 888 1426 prime,
908 1343 933 1405 si
952 1342 1020 1406 aliis
1035 1344 1149 1407 camin
1165 1352 1299 1408 mentem

266 1461 367 1525 venire
399 1461 506 1538 licuit,
530 1484 548 1524 a
572 1460 679 1524 Tacito
709 1460 814 1524 referri
845 1483 905 1524 non
938 1460 1102 1538 debuerat,
1117 1483 1189 1555 ¹quo
1213 1483 1304 1525 nemo

268 1581 378 1644 melius
401 1589 526 1644 noverat
550 1579 707 1644 Tiberium
731 1580 875 1643 maiorem
900 1581 987 1664 regni
1010 1588 1126 1664 partem
1150 1581 1245 1645 nimia
1260 1580 1306 1644 di·

268 1701 396 1786 ligentia
419 1701 523 1786 potius
547 1722 639 1784 quam
667 1699 844 1763 remissione
872 1721 1028 1784 peccasse,
1054 1723 1079 1764 e
1104 1722 1132 1785 g.
1156 1723 1181 1765 c.
1208 1703 1247 1765 75
1273 1709 1303 1763 et

267 1817 313 1882 IV
341 1821 390 1882 13.
425 1824 467 1881 Ac
495 1819 630 1882 tiberius
649 1818 735 1879 ethic
756 1819 930 1880 interminae
954 1839 1050 1881 rerum
1074 1840 1158 1891 cura,
1183 1820 1303 1902 nepotia

263 1959 318 2017 pro
342 1937 468 1998 columis
489 1936 658 2016 accipiens,
681 1937 735 1997 icc
755 1937 878 2012 ciciraem,
899 1958 1001 2018 preces
1019 1939 1165 2000 sociorum
1185 1945 1300 2000 tracta·
1381 1998 1384 2004 ,
1426 1965 1436 1997 ·.

218 2148 221 2153 ’
264 2057 316 2119 bat
339 2055 363 2140 ⁹)
397 2056 520 2134 Altera,
544 2077 581 2118 nc
605 2057 712 2136 plures
736 2057 913 2132 fruerentur
937 2057 957 2120 i.
982 2079 1008 2120 e.
1032 2057 1071 2120 ne
1094 2058 1197 2141 plures
1220 2057 1302 2121 loeu-

264 2180 456 2264 pletarentur
491 2180 715 2265 provinciarum
750 2179 877 2266 opibus,
902 2180 927 2242 si
949 2181 1007 2244 rite
1030 2181 1213 2266 explicetur,
1237 2203 1300 2245 non

264 2298 391 2363 denotet
425 2299 571 2364 invidiam
591 2297 725 2362 aliudve·
742 2299 850 2362 vitium
876 2298 926 2361 sed
953 2299 1144 2383 prudentiam
1169 2299 1302 2384 Impera·

266 2419 358 2496 toris,
386 2419 439 2502 qui
471 2440 557 2482 suam
587 2418 695 2502 egendi
721 2419 876 2482 rationem
893 2418 950 2482 hac
973 2421 1128 2484 verissima
1150 2442 1303 2505 compara·

262 2540 346 2602 tione
379 2535 529 2623 explicare
566 2538 704 2602 solebat:
737 2538 801 2601 noli
836 2537 998 2602 deturbare
1013 2584 1015 2589 -
1030 2561 1151 2602 muscas
1181 2538 1300 2602 vulneri

260 2657 448 2742 insidentes,
481 2681 519 2722 ne
549 2658 729 2722 >advolantes
765 2658 841 2722 aliae
872 2681 952 2722 novo
980 2658 1086 2723 ardore
1116 2659 1298 2743 sanguinem

261 2787 420 2863 exsugent.
456 2778 606 2863 Iosephus
621 2779 659 2842 A.
678 2777 704 2842 I.
728 2781 784 2856 18,
804 2783 832 2842 5.
862 2778 909 2841 Ad
934 2779 1054 2842 tertiam
1080 2778 1299 2864 suspicionem,

261 2920 321 2981 qua
344 2899 482 2982 tangitur
507 2897 623 2962 Tiberii
646 2897 804 2961 iudicandi
827 2897 1017 2976 tarditatem,
1042 2899 1146 2962 confer
1169 2900 1299 2965 eundern

261 3017 313 3081 ll.:
338 3019 510 3096 μελλητὴς,
529 3019 557 3083 εἰ
583 3018 635 3082 καί
656 3042 700 3089 τις
724 3013 817 3096 ἕτερος
840 3017 988 3093 βασιλέων
1013 3017 1186 3098 decederes
1193 3044 1202 3095 3
1219 3018 1301 3102 apud

261 3146 399 3203 nostrum
424 3143 608 3225 aggravatur
634 3136 776 3201 nonnihil
800 3136 913 3200 additis
937 3136 1000 3200 illis
1021 3145 1056 3200 ut
1071 3139 1218 3201 callidum
1235 3141 1302 3201 eius

262 3262 416 3344 inpertiam
424 3310 433 3339 ,
459 3261 541 3345 quod
566 3261 597 3323 in
622 3268 684 3323 tarn
708 3259 815 3324 subtili
842 3261 988 3345 scriptore
1007 3283 1302 3346 nequaqucmpprae·

261 3382 475 3446 torvidendum
513 3388 568 3445 est.
617 3379 759 3460 Quantae
791 3401 862 3443 vero
899 3381 1030 3466 ineptiae
1065 3382 1297 3465 divulgarentur

259 3543 426 3554 -ι--α--σ-

294 3648 319 3708 1)
337 3646 375 3696 Cf.
393 3645 440 3695 Dio
458 3645 526 3696 Cass.
543 3645 584 3704 57.
604 3645 635 3694 lo
653 3645 677 3694 in
695 3645 757 3695 fine:
776 3647 811 3697 &er
828 3647 944 3714 κείρασθαί
959 3666 1004 3712 μω
1016 3649 1048 3698 τὰ
1060 3653 1187 3716 πρόβατα,
1200 3645 1296 3698 ἀλλὀὐκ

256 3745 411 3814 ἀποδύρεσθαι
427 3742 548 3809 βούλομαι.

206 3906 209 3910 ¹
290 3841 315 3901 2)
331 3841 378 3888 Dio
403 3839 501 3888 Cassius
518 3840 547 3888 de
565 3843 671 3888 extrema
690 3841 813 3887 senectute
830 3837 871 3895 ⁶7,
889 3838 931 3886 23:
956 3843 988 3890 τὰ
1003 3842 1050 3908 γάρ
1067 3842 1127 3890 orna
1143 3844 1202 3892 πάιν
1218 3843 1294 3893 πάντα

257 3939 348 3996 beenon
365 3938 439 4006 διῴκει
457 3958 470 3988 κ
488 3957 504 3988 r
519 3937 539 3987 d.
576 3936 639 3985 idem
667 3935 697 3984 de
722 3935 867 3986 Consulatus
884 3937 998 4000 temporis
1015 3939 1092 3999 spatio
1110 3936 1169 3986 dicit
1185 3939 1236 3994 τώς
1251 3942 1294 4002 μὴ

257 4042 299 4086 ὅτι
322 4039 369 4085 καὶ
395 4037 499 4086 θᾶσσον
521 4037 571 4084 τοῦ
596 4039 776 4098 τιταγμένου
796 4035 980 4101 ἀπήλλασσε,
1003 4040 1051 4089 τοὶς
1068 4035 1092 4084 δὲ
1110 4037 1148 4086 καὶ
1165 4039 1203 4085 ἰπὶ
1219 4039 1294 4085 πλεῖον

257 4138 340 4202 ἄρχειν
356 4134 442 4192 cnam
467 4133 542 4191 iliud,
563 4133 664 4196 opinor,
681 4135 709 4181 nt
726 4133 745 4180 si
764 4147 864 4195 magnus
881 4135 943 4180 esset
961 4131 1147 4181 Candidatornm
1166 4149 1292 4189 numerus,

256 4231 337 4294 plures
355 4232 502 4280 fruerentur.
