3008 4920
782 416 825 475 46

286 614 324 676 II*
347 617 406 676 50:
429 592 553 691 Mulier,
579 615 710 698 Apuleia
736 615 869 692 Varillo,
897 616 1032 700 Augusti
1059 617 1170 701 sororis
1197 618 1318 700 neptis,

288 731 433 797 adulterii
460 755 526 809 rea,
556 735 723 797 maiestatis
747 735 890 797 arcessita
920 741 966 798 est
988 757 1006 797 u
1029 735 1163 799 delatore
1190 734 1230 799 ob
1253 758 1321 820 pro·

286 851 392 915 brosos
417 874 571 916 sermones
595 853 627 915 iu
651 854 846 936 Augustum,
870 852 1028 916 Tiberium
1052 861 1083 916 et
1105 852 1235 916 Livium.
1270 853 1320 916 'li-

284 971 386 1035 beriris
422 973 523 1036 statim
556 973 666 1036 exemit
697 995 775 1057 quae
806 973 838 1034 iu
868 995 899 1036 ee
927 973 1009 1038 iacta
1040 981 1140 1035 essent
1166 995 1262 1056 euque
1285 973 1319 1037 in

283 1089 491 1174 cognitionem
517 1091 617 1152 vocari
641 1090 758 1167 noluit3
776 1091 914 1174 proximo
930 1089 1062 1153 Senatus
1079 1089 1128 1153 die
1144 1092 1221 1174 petit
1238 1091 1318 1154 idem

282 1209 387 1272 matris
412 1209 552 1309 nomiue3
580 1209 773 1293 liberavitque
800 1210 954 1293 Apuleium
978 1212 1037 1290 leffe
1060 1195 1250 1285 maiestatis)
1269 1211 1318 1274 de·

283 1331 377 1412 nique
401 1329 546 1394 adulterii
569 1351 693 1415 quoquc
716 1329 884 1412 graviorem
909 1351 1036 1412 poenam
1061 1328 1242 1413 deprecatus
1258 1338 1314 1394 est.

283 1449 387 1512 Tertio
410 1449 478 1513 loco
502 1456 628 1533 apparet
652 1470 667 1511 e
691 1446 755 1509 Vc
781 1470 852 1511 eum
875 1449 948 1510 sutis
965 1448 1019 1512 diu
1036 1448 1201 1533 potientem
1219 1449 1315 1512 fuisse

285 1588 357 1650 ergo
380 1565 502 1630 Fufium
527 1566 701 1630 Geminum.
739 1565 831 1641 Hunc
853 1565 960 1629 Liviae
976 1567 1073 1650 gratie
1088 1567 1246 1631 florentem
1263 1567 1316 1631 sed

182 1735 184 1739 .
283 1682 417 1746 dicacem
442 1689 474 1746 et
499 1683 642 1748 Tiberium
662 1684 773 1766 acerbis
778 1684 908 1768 facetiis
924 1685 1048 1748 irridere
1062 1685 1179 1748 eoldum
1196 1685 1317 1750 vivente

284 1798 373 1862 Livia
396 1801 523 1883 impune
546 1801 636 1878 tulit,
661 1807 842 1884 mortuaque
866 1823 928 1864 uon
952 1801 1012 1863 nisi
1031 1800 1156 1884 oblique
1172 1803 1316 1886 perstrin-

283 1922 338 1983 xit.
375 1920 517 1984 Eundem
548 1928 671 2004 postea,
695 1921 727 1985 in
751 1920 912 1985 Seianiano
935 1920 1075 1984 tumultu
1084 1941 1100 1999 ,·
1119 1929 1155 1985 ut
1178 1922 1314 2000 videtur,

284 2040 469 2103 exstinctum
495 2063 560 2104 esse
583 2041 714 2125 legimns
738 2040 784 2103 VI
804 2043 851 2104 10.
888 2040 934 2102 Ex
950 2039 999 2103 his
1015 2040 1161 2124 exemplis
1177 2041 1315 2105 monifes-

286 2166 351 2221 tum
386 2167 432 2222 est
462 2159 684 2223 sermocinandi
715 2158 886 2236 licentiam,
918 2159 1023 2223 invitis
1047 2159 1233 2223 delatoribus
1242 2161 1254 2237 ,⁴
1277 2160 1314 2224 iis

285 2277 340 2360 qui
370 2277 539 2341 utebantur
569 2277 711 2361 perniciei
744 2299 806 2340 uon
836 2276 947 2354 fnisse,
981 2278 1087 2341 saltem
1119 2300 1173 2361 per
1203 2300 1312 2342 novem

282 2395 395 2477 primos
427 2417 542 2479 perque
571 2395 697 2458 ultimos
729 2396 816 2479 regni
846 2417 959 2472 anuos3
991 2395 1102 2459 etenim
1133 2396 1216 2459 intro
1238 2395 1314 2462 hoec

280 2521 480 2597 tempora-
499 2515 519 2578 i.
544 2536 570 2579 e.
595 2513 633 2577 ab
657 2536 683 2577 a.
702 2517 743 2577 23
767 2536 798 2598 p.
815 2513 850 2578 O.
868 2537 915 2592 n.,
933 2537 1027 2598 quum
1045 2537 1203 2579 senescens
1219 2516 1313 2600 impe·
1332 2544 1338 2551 ·

280 2640 362 2695 rator
392 2633 476 2696 unici
505 2633 561 2697 filii
592 2634 686 2697 Drusi
718 2633 805 2697 obitu
831 2633 961 2697 afflictus
986 2641 1135 2698 secretum
1165 2636 1270 2718 petiit,
1295 2657 1313 2698 a

281 2774 341 2835 quo
372 2752 444 2816 inde
473 2752 603 2816 Seianus
633 2753 821 2836 (interfector
852 2753 945 2817 Drusi
976 2762 1012 2818 ut
1043 2764 1113 2838 post
1142 2757 1160 2816 8
1189 2755 1312 2818 demum

243 2880 245 2884 ‘
282 2894 378 2935 annos
413 2873 567 2957 apparuit)
604 2871 759 2936 celerrime
793 2881 944 2955 potestate
978 2874 1088 2949 crevit,
1123 2873 1161 2937 ad
1196 2896 1311 2938 ennom

285 2993 326 3054 30
351 3029 395 3040 -
418 2990 573 3055 Tiberium
599 2992 836 3073 contumeliosos
859 3013 1012 3055 sermones
1032 3014 1093 3056 nou
1118 3015 1237 3078 semper
1260 2993 1314 3057 im-

282 3133 379 3195 punes
402 3111 579 3195 reliquisse,
605 3111 682 3175 effici
706 3117 808 3194 posset
839 3132 875 3174 ex
906 3112 999 3174 unico
1026 3091 1164 3196 exemplo
1189 3113 1314 3177 Votieni

280 3230 424 3294 Montani
448 3230 574 3314 relegati
596 3232 630 3294 ob
652 3232 840 3295 contumeliae
862 3232 894 3293 ire
917 3233 1066 3296 Caesarem
1082 3234 1180 3297 dictae
1197 3231 1244 3295 IV
1259 3236 1313 3297 42.

281 3348 397 3412 Verum
421 3350 453 3412 in
477 3349 525 3412 his
549 3371 673 3433 quoque
696 3371 766 3412 cum
789 3370 851 3412 non
875 3355 937 3411 tam
961 3371 1034 3412 suec
1050 3348 1203 3413 voluntati
1220 3372 1312 3434 quam

279 3467 418 3532 subdolis
450 3467 550 3532 Seiani
582 3467 717 3531 consiliis
749 3467 940 3544 inseruisse,
976 3468 1065 3533 docet
1099 3467 1174 3532 Titii
1207 3467 1311 3533 Sabini

279 3585 449 3662 iudicium,
482 3607 571 3668 quem
599 3584 709 3648 Seiano
740 3585 894 3648 victimam
927 3583 1033 3648 cedere
1064 3607 1170 3668 possus
1194 3594 1241 3649 est
1263 3582 1311 3648 IV

278 3707 338 3780 68,
365 3703 405 3767 D.
426 3702 461 3768 O.
488 3708 545 3781 58,
572 3708 601 3768 1.
647 3703 716 3768 Nec
742 3704 902 3767 fortuitum
931 3725 995 3768 esse
1025 3710 1144 3788 potest,
1176 3705 1309 3788 primum

277 3822 456 3887 huiusmodi
484 3823 590 3887 iudicii
615 3803 806 3906 exemplum,
833 3822 916 3906 quod
941 3828 1184 3906 postmortem
1207 3821 1308 3887 Seiani

277 3942 476 4020 offendimus,
507 3965 571 4006 esse
599 3942 884 4006 absolutionem
911 3940 1037 4019 Cottae,
1062 3942 1113 4005 cui
1136 3943 1234 4006 vetuit
1256 3940 1309 4005 Ti-

275 4058 377 4123 berius
401 4063 485 4124 cerba
504 4083 598 4145 praee
619 4065 732 4126 detorto
755 4061 786 4124 in
807 4059 972 4144 perniciem
991 4061 1068 4125 verti
1084 4059 1132 4124 VI
1156 4066 1185 4125 5.
1220 4061 1308 4126 Simi-

277 4175 348 4241 liter
372 4178 469 4242 libero
492 4179 648 4262 virilisque
671 4179 784 4256 oratio,
809 4200 870 4262 qua
892 4177 977 4242 brevi
999 4185 1068 4262 post
1084 4177 1128 4243 M.
1144 4177 1306 4242 Terentius
