3008 4920
730 430 772 493 98

235 641 335 718 illis;
360 663 480 704 mores
504 640 666 717 Tiberii3
691 639 834 703 scelera
865 638 1010 716 Seiani3
1042 638 1189 703 Tiberii
1213 638 1271 702 hi-

232 761 354 824 storia
378 769 461 844 post
484 768 636 823 mortem
652 758 696 823 ab
712 757 889 822 osoribus
906 759 1134 842 conscripta.
1163 759 1272 822 Videa-

236 903 305 943 mus
328 879 461 943 breviter
484 880 521 943 de
545 879 686 963 singulis.

280 999 407 1062 Frustra
434 999 467 1061 in
495 997 624 1061 dubium
652 1007 800 1060 vocarunt
816 998 838 1079 ¹)
863 995 1016 1058 exstitisse
1039 1016 1142 1058 revera
1166 995 1270 1058 factio·

233 1141 305 1182 nem
330 1118 482 1182 lulianam
507 1127 536 1180 et
560 1116 777 1193 Claudianum,
803 1115 850 1178 vel
874 1116 993 1199 potius,
1014 1137 1083 1178 nam
1099 1114 1154 1177 illa
1170 1114 1271 1201 appel-

233 1239 307 1301 latio
331 1239 432 1302 minus
457 1245 599 1300 accurata
622 1244 684 1313 est,
709 1236 803 1303 inisse
827 1235 904 1298 duas
927 1234 1091 1311 factiones,
1109 1235 1269 1299 alteram

237 1380 364 1442 eamque
388 1358 480 1441 lange
503 1357 648 1420 minorem
674 1357 823 1419 faventem
847 1355 1000 1418 Tiberio
1026 1354 1166 1439 filioque,
1184 1354 1272 1420 alte-

233 1499 311 1540 ram
343 1477 578 1560 Agrippinae
608 1477 694 1560 nepti
728 1477 861 1558 Augusti
891 1475 1017 1558 eiusque
1049 1475 1159 1538 marito
1187 1475 1289 1542 Ger-i

234 1597 380 1660 manico
409 1604 438 1659 ct
469 1595 615 1659 liberis.
662 1595 761 1659 Taciti
794 1595 970 1658 testimonia
998 1616 1119 1658 omnem
1150 1594 1206 1659 hac
1233 1594 1271 1659 de

235 1730 274 1779 re·
291 1715 513 1778 dubitationem
539 1714 662 1778 tollunt.
711 1713 791 1777 Sunt
814 1713 905 1778 haec:

283 1833 328 1897 II.
353 1836 406 1897 43.
449 1836 607 1896 Credidere
631 1834 753 1918 quirlam
776 1836 851 1896 (lata
876 1857 894 1894 a
924 1834 1039 1896 Tiberio
1059 1835 1175 1897 occulta
1191 1858 1272 1897 ruan-

240 1956 312 2016 rlata
337 1963 366 2016 et
391 1956 570 2017 Plancinam
596 1957 680 2017 lauri
701 1956 789 2016 cicilie
814 1961 952 2036 Anquata
976 1956 1091 2016 rnanuit
1113 1956 1272 2019 aemulati-

236 2096 290 2136 one
319 2074 459 2135 muliebri
492 2074 689 2156 Aqrippinam
721 2073 899 2136 insectandi.
950 2074 1088 2135 Diniae
1120 2096 1273 2159 narnque

235 2202 270 2256 et
294 2195 436 2257 diecara
458 2194 548 2255 aula
571 2200 655 2256 erat
683 2193 823 2255 tacitis
850 2193 888 2255 in
917 2196 1070 2255 Drusum
1095 2203 1159 2256 aut
1187 2200 1272 2257 Her-

178 2341 181 2345 ·
239 2313 413 2375 manicam
437 2313 583 2375 atudiie.
635 2312 770 2374 Tiberine
792 2320 826 2373 nt
846 2313 1001 2397 proprium
1024 2321 1053 2375 et
1076 2317 1126 2377 eui
1150 2317 1273 2396 cenqui-

243 2433 292 2495 nie
318 2434 465 2494 Druaum'
474 2432 657 2517 facebat‚2)
693 2433 869 2495 Germanica
893 2434 1041 2496 alienatio
1061 2435 1171 2516 patrui
1192 2437 1276 2517 apurl

243 2559 354 2615 ceterae·
378 2573 501 2614 amarem
526 2557 664 2616 aruerat.
711 2552 770 2614 Sed
779 2551 905 2635 fratrea
930 2555 1044 2635 eqreqie
1067 2555 1221 2618 concordes
1245 2563 1274 2618 et

234 2674 480 2753 proaimcrum
511 2673 773 2736 certaminibus
802 2673 978 2737 inconcussi.
1026 2656 1106 2738 Ibid.
1132 2677 1190 2738 84:
1216 2677 1277 2740 Sed

237 2793 349 2875 papula
372 2793 433 2856 tali
456 2801 600 2877 tempore,
624 2800 746 2856 mortuo
770 2794 970 2871 Germanico,
998 2795 1034 2857 ie
1054 2818 1167 2880 qnoque
1190 2799 1272 2860 ‹lat-

243 2913 417 2988 tentatie,
445 2934 486 2976 sc.
511 2911 614 2975 Druso
638 2912 717 2974 filios
741 2911 885 2995 gemellos
911 2920 999 2975 natos
1024 2935 1103 2990 esse,
1128 2921 1272 2999 tanquam

239 3037 372 3092 auctae
399 3031 531 3093 liberie
558 3033 698 3093 Druaue
721 3033 855 3093 domum
883 3033 1088 3099 Germanici
1106 3035 1202 3116 anaqie
1222 3059 1272 3096 ur·

237 3157 330 3231 qeret.
377 3147 422 3211 lv
451 3151 506 3213 ll:
533 3149 671 3212 Instabat
698 3150 806 3234 quippe
835 3151 962 3213 Seianae
985 3151 1200 3237 incusabatque
1221 3155 1273 3216 eli·

236 3269 384 3330 (luctam
419 3267 611 3330 ciuitatem
632 3275 669 3328 ut
694 3267 805 3330 civili
828 3269 940 3331 letto:
964 3291 1043 3332 eree
1061 3272 1176 3354 quiae
1193 3294 1272 3350 par-

236 3390 328 3451 tium
351 3390 575 3471 Aqrippr'nae
598 3397 737 3464 nocent,
760 3412 806 3466 ae,
831 3391 864 3451 ni
883 3392 1054 3466 resistatur,
1068 3394 1145 3474 fare
1161 3392 1271 3474 quirnea.

240 3507 322 3572 Ibid.
349 3510 409 3571 68:
445 3509 553 3594 Neque
576 3510 653 3572 enim
677 3508 767 3572 Titus
795 3507 926 3573 Sabinus
954 3511 1094 3574 amieerat
1120 3512 1272 3594 coniuqem

242 3627 405 3712 liberaeque
429 3630 511 3704 eiua,
544 3627 736 3706 Germanici,
759 3629 921 3710 percolere,
945 3636 1074 3691 rectator
1104 3631 1198 3704 (tami,
1226 3655 1272 3694 eo·

145 3730 148 3735 Ι
242 3767 304 3809 mea
326 3748 356 3807 in
380 3747 515 3828 publica,
534 3755 604 3829 port
628 3754 672 3809 nr
696 3747 822 3809 clientes
847 3768 938 3819 renue,
962 3769 1053 3831 eoque
1069 3749 1154 3840 apud
1170 3749 1273 3810 barrae
1331 3767 1333 3770 ’

247 3866 393 3930 laudatur
415 3876 444 3930 et
466 3869 571 3952 qrania
594 3869 720 3952 iniqui
728 3890 750 3931 r.
797 3865 905 3929 Utram
930 3888 1001 3930 vero
1025 3874 1141 3951 partem
1161 3868 1273 3953 vulgus

272 4148 295 4209 l)
314 4146 368 4196 vid.
386 4146 502 4196 Paschins
519 4147 554 4198 ll.
572 4165 596 4213 p.
614 4148 654 4200 25.

269 4243 295 4306 2)
314 4244 391 4308 Supra
407 4260 431 4309 p.
450 4245 481 4302 85
499 4244 546 4294 iam
564 4245 777 4298 animadvertimus
795 4248 853 4298 haee
871 4265 976 4314 pugnare
993 4265 1048 4301 cum
1069 4251 1106 4300 ΙΙΙ
1125 4251 1164 4302 56.
