3008 4920
726 472 766 533 91

229 684 310 744 tasse
345 676 530 741 credendum
568 684 614 743 est
646 698 716 741 eum
740 676 845 747 amieis
868 676 957 745 illam
981 675 1120 749 libellum
1143 677 1266 742 commi·

230 797 328 862 sisse?
358 797 488 861 Minime
496 788 604 874 ,tum
636 797 716 859 euim
750 798 803 880 qui
833 797 950 860 fectum
983 803 1061 859 esset
1094 806 1128 859 ut
1159 796 1265 859 nullus

231 939 351 995 eorum,
378 914 437 980 nisi
461 917 529 980 vieo
551 916 660 981 saltem
678 926 747 1000 post
763 924 891 982 mortem
907 916 1038 992 Tiberii,
1056 937 1152 999 quum
1169 916 1267 979 multa

232 1035 382 1099 eiusmodi
416 1035 528 1118 scripta
550 1035 583 1097 in
607 1033 706 1099 lucem
731 1034 913 1118 prodierunt
937 1032 965 1116 (I
992 1035 1032 1118 l),
1057 1033 1145 1097 illum
1170 1032 1266 1096 divul-

232 1155 366 1238 gaverit,
398 1163 433 1217 ut
457 1154 554 1217 famae
578 1153 699 1219 Pisonis
727 1153 882 1237 simulque
906 1152 1098 1236 imperatoris
1122 1152 1266 1215 infamiae

233 1271 443 1335 consuleretur
451 1297 460 1348 ς
494 1293 593 1354 neque
616 1270 750 1354 intelligi
773 1281 877 1355 posset
901 1271 1102 1353 quaestione
1127 1280 1188 1334 tam
1217 1293 1267 1354 pe·

232 1393 316 1455 nitus
333 1391 489 1455 obliterari
513 1392 665 1475 potuerit,
693 1402 728 1454 ut
753 1390 800 1453 vix
824 1412 930 1453 rumor
946 1402 1129 1475 superesset.
1155 1390 1201 1453 Ex
1218 1391 1266 1453 his

234 1511 390 1595 sequitur,
415 1511 568 1573 seniorum
586 1510 709 1573 illorum
728 1510 929 1574 narrationem
948 1510 1031 1573 omni
1048 1511 1183 1572 veritatis
1200 1532 1267 1595 spe·

231 1632 276 1694 cie
300 1654 365 1695 esse
389 1631 579 1694 destitutam.

276 1753 336 1817 Sed
360 1754 440 1817 alius
465 1753 551 1816 locus
576 1753 714 1830 affertur,
733 1753 915 1830 lacunosus,
933 1754 987 1837 qui
1003 1753 1118 1838 legitur
1133 1753 1184 1816 Ill
1205 1756 1263 1816 14:

231 1875 285 1934 sed
320 1875 434 1940 iudices
464 1896 520 1959 per
555 1875 674 1935 diverso
710 1874 918 1956 implacabiles
954 1882 1056 1946 eruut,
1092 1876 1203 1935 Caesar
1233 1875 1266 1936 ob

233 1994 343 2055 bellurn
364 1995 539 2077 pronuncias
564 1995 701 2069 illatum,
726 1997 855 2057 Senatus
879 2018 1037 2079 numquam
1061 1996 1139 2056 sctis
1155 1997 1267 2057 credito
1305 2082 1307 2086 Ι

232 2114 297 2173 sine
311 2113 433 2198 froude
460 2113 669 2174 Germanicum
697 2114 837 2174 interisse
861 2163 960 2174 .....
986 2116 1191 2196 scripsissent,
1216 2136 1266 2175 ec-

224 2221 437 2313 pcstulontes:
463 2233 541 2315 quod
563 2233 647 2294 hored
664 2233 763 2293 minus
784 2234 918 2295 Tiberius
933 2255 1022 2316 qrcnrn
1040 2234 1113 2295 Piso
1130 2236 1266 2296 adnitere.

232 2348 368 2412 Ritterus
401 2359 431 2412 et
462 2348 678 2434 Nipperdeyus
702 2372 758 2412 sua
782 2351 912 2434 quisque
936 2350 1052 2414 ratione
1084 2351 1267 2414 sententiam

232 2469 446 2553 expleverunt,
468 2468 500 2531 iu
520 2469 579 2532 hoc
598 2491 667 2532 vero
689 2469 778 2533 ambo
801 2470 987 2533 conveniunt
1009 2509 1053 2518 —
1073 2469 1166 2554 idque
1178 2493 1266 2534 nemo

230 2589 319 2652 facile
357 2587 519 2652 addubitet
549 2627 594 2637 —-
626 2599 817 2652 accusatores
854 2590 1092 2672 postulassent
1122 2592 1268 2673 epistolae

232 2709 355 2771 Pisonis
378 2717 407 2770 et
432 2710 534 2770 uuoris
550 2708 794 2772 ostenderentur.
811 2710 832 2792 Ι)
868 2708 1076 2774 Continebant
1092 2710 1163 2772 illae
1180 2731 1267 2773 sccu-

232 2832 365 2895 sationes
400 2831 592 2908 Germanici,
628 2833 720 2894 unius
757 2831 837 2894 euim
873 2831 1020 2915 epistolae
1052 2842 1268 2914 argumentum

270 3114 293 3172 l)
312 3113 420 3161 Ritterus
448 3113 505 3160 haec
523 3113 631 3160 addendo
649 3117 743 3161 censet:
761 3116 955 3175 accusatoresque
972 3111 1094 3160 intendere
1111 3112 1268 3174 suspiciones,

230 3211 337 3274 prrrs'erri
362 3226 423 3274 quae
449 3210 504 3258 Piso
528 3216 552 3258 et
579 3211 692 3258 Plancina
718 3210 752 3258 cd
773 3209 903 3273 principem
921 3209 1062 3273 Eliciumque.
1098 3210 1266 3274 Nipperdeyus

234 3307 303 3371 plura
321 3308 402 3356 deesse
420 3307 568 3370 suspicatum
589 3306 678 3355 etenim
696 3306 752 3370 quis
770 3306 871 3368 legimns
889 3322 910 3354 c.
930 3307 959 3354 15
977 3307 1152 3355 accusationem
1166 3307 1270 3356 redinte-

234 3410 326 3468 gratum
355 3420 488 3468 novamque
515 3405 677 3452 defensionem
705 3420 840 3452 concessam
859 3421 908 3452 esse
927 3408 1022 3468 praeter
1040 3405 1175 3454 institutam
1194 3406 1268 3454 ratio·

235 3515 289 3549 uem
307 3517 327 3548 c.
347 3501 391 3558 13,
417 3505 487 3564 purat
508 3516 574 3549 reum
593 3501 689 3575 petiisse
707 3500 997 3562 comperendinationem,
1015 3504 1067 3548 tum
1087 3501 1212 3565 protulisse
1230 3518 1268 3549 ec·

234 3596 371 3643 cusationes
388 3596 413 3643 in
432 3595 600 3644 Germanicum
620 3611 677 3659 quas
696 3596 808 3659 deinceps
825 3595 964 3660 ampliaret,
984 3612 1031 3659 qno
1044 3596 1106 3645 tacto
1119 3602 1268 3646 accusatores

234 3693 366 3755 postulasse
392 3699 423 3740 ut
447 3692 597 3757 epistolae
620 3693 743 3741 Pisonis
767 3698 796 3740 et
820 3692 984 3742 Plancinae
1008 3693 1044 3741 ud
1068 3693 1221 3741 Tiberium
1239 3698 1270 3742 et

235 3792 398 3854 Augustam
425 3790 502 3853 palem
529 3791 702 3854 proferrentur.
738 3791 851 3840 Paschius
877 3791 894 3839 1.
920 3791 936 3839 l.
954 3807 978 3853 p.
997 3792 1029 3839 62
1056 3791 1203 3855 Nipperdeyi
1230 3808 1268 3839 vv.

236 3888 297 3937 male
322 3887 446 3939 intellectu
471 3888 505 3936 sic
532 3888 621 3937 refert:
643 3888 682 3936 die
700 3889 822 3952 Antiopen·
839 3890 974 3951 cerlnnpten
992 3905 1016 3936 es
1033 3889 1138 3936 mistaten
1155 3888 1194 3936 die
1211 3888 1272 3937 nui-

234 3984 321 4035 senes
338 3984 396 4035 inu
414 3984 505 4046 (fiber)
524 3985 582 4031 und
598 3984 686 4032 Licin
703 3986 760 4042 auf
771 3986 823 4032 der
841 3985 939 4041 einen,
957 3984 1016 4032 und
1032 3985 1098 4032 Piso
1118 3985 1177 4032 und
1192 3986 1272 4032 Ptan-

236 4082 302 4130 cina
324 4085 381 4144 auf
397 4082 450 4130 der
472 4082 603 4130 anderen
629 4083 710 4130 Seite
724 4083 939 4147 peneadeetten
960 4081 1065 4144 Briese
1082 4084 1196 4146 norpetept
1216 4099 1273 4130 rcer-

235 4178 288 4226 den.
322 4177 382 4242 Quis
405 4193 520 4240 umquam
547 4178 697 4241 imperatoris
720 4177 852 4246 rastrisque
876 4182 972 4231 mutnus
995 4177 1107 4243 epistolas
1130 4177 1153 4225 in
1175 4193 1271 4231 eramen

235 4274 357 4346 postulare
374 4289 445 4330 ausus
462 4274 538 4333 esset!
