3008 4920
732 426 773 489 73

230 637 261 694 et
285 635 379 716 sinent
412 632 535 715 Illyrici
566 639 663 695 nnotnr
696 632 853 708 inundavit,
880 632 934 692 red
955 629 1101 692 intentior
1125 633 1154 690 ct
1167 628 1265 707 fida

231 753 367 814 oratione
374 772 384 824 ;
409 758 575 836 onnctnqnc
597 774 674 835 qnae
704 753 900 814 Germanicus
923 749 1110 820 indulserat,
1134 748 1267 809 serravit

231 871 323 932 etionr
347 872 432 949 opnrd
453 871 647 934 Pannonicos
669 872 818 934 enercitne
860 869 955 932 Initio
981 868 1071 931 huius
1094 866 1154 929 loci
1177 865 1267 929 iustis

233 989 351 1066 causis,
377 989 416 1053 ob
440 1012 515 1075 ques
539 990 679 1054 Tiberius
703 990 919 1075 opprimendae
944 988 1101 1051 seditionis
1117 987 1265 1050 rationem

233 1131 295 1173 non
318 1131 443 1195 prorsus
468 1109 665 1193 probaverat,
691 1110 797 1173 furtim
828 1111 975 1173 inseritur
998 1107 1111 1182 ulte-ra,
1135 1107 1265 1184 iniuste,

232 1227 358 1291 bellicae
375 1230 479 1290 tondis
495 1229 614 1289 intuitio
624 1250 634 1289 .·
652 1228 726 1291 haec
742 1228 914 1291 criminatio
931 1235 967 1290 ut
983 1226 1071 1290 facile
1087 1225 1268 1296 enuntiatur

235 1349 280 1410 itu
303 1347 480 1411 difficillime
497 1347 701 1431 redarguitur.
725 1348 766 1410 Et
787 1348 874 1411 factis
891 1348 1014 1432 quidem
1032 1369 1094 1410 uon
1111 1346 1267 1430 probatur.

233 1467 354 1532 Etenim
387 1467 497 1532 laudat¹
521 1467 734 1531 Germanicum
762 1469 901 1546 pluribus
929 1468 1020 1531 etiam
1049 1466 1147 1530 verbis
1175 1488 1268 1551 quam

157 1609 160 1614 ’
234 1588 330 1651 filium
356 1609 446 1651 suum
471 1587 624 1666 Drusum,
649 1589 763 1672 quippe
788 1587 898 1651 seditio
921 1588 954 1651 in
975 1586 1077 1651 Gallia
1093 1584 1224 1670 amplior
1239 1593 1270 1650 et

236 1709 357 1794 gravior
388 1709 488 1772 fuerat
520 1730 610 1793 quem
643 1709 674 1770 in
707 1708 883 1786 Pannonia,
917 1717 947 1771 et
971 1709 1103 1771 concinit
1126 1707 1191 1771 eius
1219 1707 1269 1771 de·

236 1836 325 1894 creta.
341 1831 376 1912 ¹)
406 1830 491 1894 Haec
524 1852 594 1894 vero
619 1853 635 1894 e
657 1831 757 1894 Taciti
788 1829 932 1930 opipicne
964 1828 1108 1893 simulate
1131 1834 1205 1892 sunt
1223 1831 1267 1914 ²),

236 1971 306 2013 nem
339 1949 481 2034 princeps
505 1949 612 2013 oderat
635 1949 850 2014 Germanicum
874 1957 921 2026 et,
946 1950 1001 2034 qui
1024 1949 1107 2027 odit,
1131 1949 1157 2011 is
1173 1948 1267 2032 fido

236 2069 375 2133 oratioue
398 2068 556 2132 inimicum
580 2068 705 2132 laudare
733 2069 851 2151 nequit.
888 2067 1027 2145 Obicite,
1051 2066 1209 2131 Tiberium
1224 2067 1268 2130 ni·
1370 2074 1373 2078 '

237 2186 357 2251 hildum
387 2187 512 2264 fecisse,
544 2187 627 2252 unde
658 2187 763 2251 odium
794 2187 873 2251 illud
904 2186 1099 2258 manifestum
1130 2186 1187 2249 sit:
1220 2207 1268 2249 res

236 2308 319 2394 ipsus
342 2309 447 2393 potius
471 2309 656 2372 contrarium
675 2308 802 2393 probare
810 2303 822 2385 ;'
837 2308 1014 2392 respondet:
1032 2307 1115 2392 quod
1131 2306 1270 2370 nondum

236 2427 308 2491 fecit
317 2476 327 2505 ,
344 2427 480 2492 facturus
506 2434 565 2505 est,
578 2427 683 2496 „vitum
708 2428 862 2511 petiturus
879 2426 1070 2503 Germanici;
1088 2426 1159 2489 hin'c
1175 2425 1271 2509 igitur

237 2548 340 2612 omnia
362 2547 513 2632 pendent,
537 2570 611 2611 num
635 2546 776 2611 Tiberius
799 2546 883 2610 illius
907 2546 1084 2636 interfector
1106 2545 1209 2609 fuerit.

281 2665 417 2729 Tandem
449 2688 475 2729 a.
504 2668 543 2728 16
568 2674 699 2730 exeunte
722 2666 922 2730 Germanicus
947 2688 963 2729 e
987 2666 1089 2730 Gallia
1111 2672 1271 2728 revocetur

237 2783 273 2847 II
295 2787 347 2850 26.
388 2786 501 2848 Orednir
523 2785 657 2869 epistolis
679 2786 809 2849 monebat
834 2785 965 2848 Tiberine
987 2786 1095 2847 rediret
1117 2785 1158 2846 oct
1178 2786 1271 2846 deone·

207 2913 209 2917 ’
238 2908 299 2966 tnm
329 2904 523 2986 tninrnpdnnr:
553 2905 628 2967 sotir
657 2905 717 2967 ianr
744 2909 910 2980 orontium,
934 2905 1009 2967 rotie
1031 2925 1159 2966 cornuin.
1185 2903 1272 2965 Pnoo

271 3187 297 3249 1)
315 3187 429 3236 Ceterum
447 3187 476 3236 de
494 3164 621 3250 oppressae
638 3186 763 3235 seditionis
781 3186 918 3237 narratione
935 3185 1066 3235 audiendus
1084 3191 1120 3234 eet
1131 3185 1272 3249 Spengelius

236 3285 263 3334 ll.
282 3301 307 3350 p.
324 3284 387 3336 7092
404 3285 478 3344 „Mau
497 3299 562 3333 muse
579 3284 705 3348 genehen,
723 3285 825 3332 schduer
842 3283 889 3333 und
908 3282 1039 3332 hemlicher
1058 3284 1148 3331 kouute
1165 3282 1203 3331 die
1220 3283 1273 3331 Bei-

239 3382 328 3447 legung
346 3382 387 3431 des
405 3381 551 3431 Aristander
567 3396 611 3446 ger
627 3381 695 3431 nicht
713 3381 828 3429 eriuudcu
847 3380 955 3439 werden,
972 3381 1007 3431 cle
1024 3379 1058 3428 eie
1075 3378 1205 3429 historiseh
1224 3379 1275 3427 der·

239 3478 336 3540 gestellt
352 3476 398 3535 ist,
416 3477 473 3525 ater
486 3477 576 3541 perante
592 3477 657 3525 diere
683 3476 919 3540 Uetereinrtimmnnp
938 3476 1016 3524 maott
1033 3491 1058 3524 es
1074 3475 1223 3534 indenktiri,
1240 3491 1275 3524 ro-

234 3573 312 3639 nteioh
330 3574 391 3622 alles
407 3573 444 3621 ate
460 3571 567 3621 nirktictr'
581 3571 709 3636 percheben
726 3571 898 3631 nnnnnetuzen,
918 3570 966 3619 und
983 3587 1009 3618 ee
1024 3571 1056 3619 ist
1067 3570 1160 3619 erlrubt
1171 3570 1274 3618 deriiber

237 3670 302 3718 ceiue
318 3668 414 3718 Zweiicl
431 3648 628 3733 cusnusprecheu.
664 3668 798 3732 Oeneniber
813 3667 857 3715 der
874 3669 953 3716 Htrte
968 3668 1010 3716 den
1029 3668 1123 3716 Drnem
1139 3667 1172 3716 im
1184 3684 1274 3731 pruno-

240 3769 339 3820 nischeu
362 3770 456 3828 Heere,
480 3769 522 3819 der
540 3785 564 3819 u.
581 3783 600 3818 r.
618 3784 662 3829 w.,
677 3769 751 3817 nnn
769 3768 923 3818 Germanicus
940 3769 978 3816 ein
996 3769 1090 3817 Murter
1106 3783 1149 3816 non
1168 3768 1277 3816 Menrct

238 3867 351 3925 leonton,
370 3883 394 3916 u.
412 3883 430 3915 s.
447 3865 495 3916 w.’'

274 3962 299 4023 2)
316 3961 466 4025 Ubicumque
488 3959 599 4010 Tiberius
623 3960 792 4008 Germanicum
818 3937 986 4024 vituperat,
1010 3975 1057 4007 nou
1080 3958 1178 4008 simulet
1195 3976 1277 4009 secun-

239 4058 296 4106 dum
315 4058 424 4107 Tacitum
449 4058 489 4106 scd
514 4073 594 4108 rerem
612 4062 717 4106 mentem
738 4056 866 4119 exprimit,
884 4055 924 4104 ubi
943 4055 1059 4112 laudat,
1077 4055 1201 4104 mentitur.
1235 4056 1276 4105 Sic

241 4153 361 4203 simulatio
378 4152 474 4202 illucet
491 4152 765 4216 queeipreestigiutoris
783 4152 911 4211 cuducem,
932 4168 979 4216 quo
997 4152 1058 4201 bour
1075 4152 1138 4200 fucta
1155 4151 1273 4215 verbaque

237 4251 332 4300 Tiberii
348 4251 375 4299 iu
392 4250 540 4300 cornutium
558 4251 630 4299 vertit
648 4251 688 4312 (ct.
707 4250 735 4298 II
752 4251 803 4312 42),
820 4250 895 4299 donec
912 4249 970 4319 vitia
987 4247 1199 4298 tuntumrestent.
