3008 4920
733 452 773 514 87

232 659 332 741 gravis
355 659 409 724 illa
431 667 553 725 tantum
577 659 716 744 quaestio
740 658 847 723 relicta
869 657 926 734 sit,
952 680 968 721 e
992 679 1053 742 qua
1068 680 1174 722 omnes
1190 658 1266 724 istae

232 779 418 862 suspiciones
442 780 590 863 originem
616 787 776 865 ceperunt,
797 775 907 841 eiusne
931 776 1023 841 fuerit
1042 776 1183 842 Tiberius
1211 800 1266 864 per

232 896 374 962 Pisonem
399 906 608 983 praematurae
631 898 737 962 mortis
761 897 946 962 Germanioi.

581 1137 629 1197 De
652 1135 766 1199 iudicio
792 1135 925 1197 Pisonis.

283 1375 460 1458 Arguebant
492 1375 585 1440 huius
617 1383 808 1440 accusatores
839 1373 892 1437 ΙΙΙ
925 1377 983 1437 13:
1017 1373 1157 1437 Pisonem
1185 1375 1270 1438 odio

239 1498 454 1560 Germanici
478 1504 507 1559 el
531 1519 628 1560 rerum
652 1519 795 1559 rrauernm
820 1496 922 1558 studio
945 1495 1054 1578 uulpes
1069 1495 1202 1558 militum
1212 1517 1270 1578 per

235 1617 389 1681 licentiam
415 1626 444 1679 el
468 1618 613 1680 sociorum
637 1618 772 1680 iniurias
796 1639 828 1678 eo
852 1617 1077 1699 corrupissent
1099 1637 1209 1695 parens
1226 1616 1270 1678 le·

233 1739 356 1818 pianum
382 1760 400 1798 a
417 1738 585 1799 deterrimis
600 1736 827 1819 appellaretur:
843 1744 947 1799 eontra
964 1737 997 1798 im
1014 1737 1155 1818 optimum
1171 1758 1271 1821 quem-

234 1879 304 1941 que,
328 1857 456 1919 monime
480 1856 511 1917 in
535 1856 657 1919 comites
679 1861 710 1918 et
729 1855 840 1919 amicos
860 1859 911 1931 G,
928 1853 1077 1924 saeuisse·
1090 1861 1270 1937 postremo

233 1977 353 2059 ipsum
377 1976 634 2039 deuotionibus
657 1982 691 2037 et
714 1996 853 2037 ueneno
866 1974 1081 2052 peremisse:
1098 1995 1185 2035 saara
1201 1974 1271 2036 binc

235 2104 264 2158 et
289 2095 510 2158 immolationes
533 2095 686 2180 effendas
706 2094 808 2177 ipsius
832 2101 922 2176 atque
943 2092 1126 2166 Plancinae,
1139 2093 1270 2175 petitam

236 2219 330 2276 armis
352 2214 564 2295 rempublicam
588 2220 680 2296 utque
707 2234 774 2274 reus
798 2212 850 2295 api
869 2217 984 2293 pessel,
1009 2211 1075 2272 acie
1097 2211 1216 2273 uictum.

280 2331 394 2395 Peioris
419 2330 639 2407 accusationis,
663 2329 765 2394 caedis
789 2351 843 2413 per
866 2351 1023 2402 uenenum,
1047 2328 1162 2392 indicia
1187 2331 1271 2411 (nam

233 2452 358 2516 alteram
392 2453 431 2516 de
460 2452 555 2536 petita
588 2473 651 2536 rep.
682 2473 765 2516 nnnc
789 2473 850 2515 non
875 2452 1040 2535 moramur)
1066 2458 1153 2514 erant
1177 2449 1267 2515 haec:

235 2572 270 2636 Π
295 2575 354 2635 69:
380 2572 619 2654 Reperiebentur
642 2572 705 2635 solo
728 2595 765 2634 ae
782 2572 953 2651 parietibus
968 2570 1078 2634 domus
1095 2569 1270 2636 Germanici

236 2692 414 2776 Epidaphni
438 2692 470 2755 in
494 2690 642 2755 suburbio
668 2689 852 2754 Antiochiae
874 2697 979 2752 erutae
1000 2661 1194 2754 bumanorum
1210 2711 1270 2754 aar·

228 2833 335 2894 perum
360 2811 524 2894 reliquiae,
547 2811 681 2873 carmina
704 2817 733 2871 el
757 2809 928 2871 devotiones
951 2815 982 2870 et
998 2828 1099 2871 nomen
1119 2814 1155 2871 G.
1170 2810 1268 2887 plum·

232 2931 294 2993 beis
325 2931 440 2993 tabulis
470 2930 671 3013 insculptum·
704 2930 830 2991 semusti
860 2930 974 2991 cineres
1004 2949 1040 2989 aa
1071 2933 1140 2993 tabo
1164 2928 1272 3032 obliti,

233 3050 356 3133 aliaque
378 3048 548 3131 maleficio,
573 3049 641 3131 quis
664 3047 797 3110 ereditur
820 3045 934 3107 animos
952 3044 1081 3126 infernis
1097 3045 1269 3107 numinibus

232 3169 356 3232 sacrari.
397 3166 496 3229 Simul
517 3166 604 3229 missi
622 3165 764 3230 aPiscne
786 3164 1005 3229 incusabantur
1027 3171 1061 3225 ut
1081 3164 1270 3228 ualetudinis

231 3288 359 3351 aduerso
392 3287 543 3349 rimantes.
589 3283 624 3349 O.
660 3285 719 3349 78:
747 3286 862 3364 Corpus
892 3290 1051 3368 antequem
1075 3291 1269 3361 cremaretur,

230 3409 376 3470 nudatum
399 3406 431 3468 in
443 3405 521 3488 soro
546 3403 808 3477 Antiochensium,
832 3403 886 3487 qui
910 3402 995 3465 locus
1018 3402 1193 3485 sepulturae
1215 3403 1266 3465 de·

229 3528 415 3599 stinabatar,
428 3523 650 3609 praetuleritne
666 3522 804 3606 ueneficii
818 3522 908 3605 aipna
930 3542 1056 3604 parum
1077 3520 1265 3584 constitit.

229 3645 312 3707 Nam
346 3652 379 3706 ut
409 3645 478 3728 quis
509 3643 714 3707 misericordia
744 3642 777 3705 in
806 3641 1014 3705 Germanicum
1039 3648 1068 3703 el
1088 3648 1264 3725 praesumta

229 3763 411 3841 suspicione,
441 3767 496 3824 aut
517 3762 633 3847 fanore
663 3762 696 3824 iu
721 3760 863 3824 Pisonem
881 3761 1017 3842 pronior,
1043 3763 1066 3823 at
1072 3761 1084 3821 i
1091 3761 1191 3822 uersi
1213 3760 1266 3823 in-

232 3883 534 3965 terpretabantur.
563 3879 597 3943 O.
624 3883 683 3946 lb:
711 3882 763 3944 On.
788 3880 911 3943 Sentius
931 3880 1099 3956 mulierem,
1123 3880 1265 3963 infamem

232 4000 387 4085 ueneficiis
409 4001 441 4063 in
464 4023 499 4063 ea
522 4000 680 4080 prouincia
703 4005 734 4063 et
757 3999 929 4063 Plancinae
950 4018 1122 4077 percaram,
1150 3998 1267 4062 nomine

236 4121 406 4186 Martinam
437 4122 470 4185 in
507 4121 611 4183 Urbem
642 4120 733 4183 misit.
781 4117 925 4199 Quocum
955 4117 1129 4181 conferatur
1151 4116 1204 4181 III
1229 4120 1266 4182 7:

235 4239 392 4322 culpatum
421 4246 502 4317 erat,
530 4238 665 4315 missam,
696 4245 732 4302 ut
763 4239 847 4316 dini,
869 4261 889 4300 a
915 4239 967 4301 Cn.
991 4236 1092 4299 Sentio
1109 4236 1266 4320 famosam
