3008 4920
743 424 784 484 68

244 626 324 690 cinio
358 625 487 704 Trione,
528 624 689 689 ambitioso
725 646 886 688 causarum
921 630 1069 708 patrono,
1095 646 1112 686 a
1134 621 1279 701 Vitellio,

237 745 379 810 ,Veranio
412 753 443 810 et
473 744 602 809 Servaeo
609 793 619 822 ,
652 744 826 808 Germanici
850 743 923 807 olim
947 742 1121 807 comitibus.
1161 741 1282 806 Petitur

176 893 177 896 ¹
244 888 262 929 a
285 866 423 949 principe
452 872 488 929 ut
523 865 729 949 cognitionem
758 864 907 949 excipiat;
932 863 1038 927 atille
1057 864 1167 948 panas
1181 850 1291 945 fami·¹

246 987 372 1050 liarinm
395 986 544 1048 adhibitis
567 981 665 1048 minas
688 989 893 1061 accusantium
918 992 947 1046 et
971 986 1042 1046 binc
1059 1005 1162 1063 preces
1177 985 1280 1056 audit,

243 1105 495 1186 inteuramque
517 1125 666 1165 causam
691 1105 739 1165 arl
761 1104 933 1164 Senatum
954 1103 1126 1167 remittit.
1152 1107 1278 1164 Arracta

243 1225 338 1285 omnis
363 1223 487 1297 ciuitas,
512 1229 625 1305 qrranta
643 1224 726 1305 fides
746 1221 858 1283 amicis
872 1221 1056 1296 Germanici,
1073 1243 1149 1304 qnae
1159 1221 1280 1305 fiducia

231 1364 306 1425 reo,
336 1344 482 1405 satisne
515 1342 704 1405 cohiberet
740 1364 782 1404 ac
810 1348 999 1421 premeret
1031 1363 1164 1405 sensus
1193 1362 1280 1404 snas

248 1465 429 1527 Tiberius.
478 1465 537 1526 Die
562 1465 692 1527 Senatus
719 1467 831 1527 Caesar
849 1467 1014 1528 orationem
1037 1466 1143 1527 babuit
1168 1463 1277 1526 merli·

241 1589 327 1647 tata
358 1590 655 1666 temperamento.
690 1582 739 1647 Ab
768 1582 996 1648 accusatoribus
1018 1590 1123 1647 autem
1146 1581 1280 1646 obicitur

241 1701 362 1767 Pisoni:
398 1725 468 1766 cum
501 1704 588 1786 naalia
627 1704 845 1766 Germanici
878 1710 913 1766 et
947 1726 1065 1766 rernm
1100 1724 1277 1773 novarum

239 1828 273 1883 sl
280 1822 330 1883 nal
335 1822 346 1882 i
353 1843 369 1883 o
391 1821 500 1902 valuns
524 1821 657 1883 militum
678 1843 732 1901 per
757 1823 911 1885 licentiam
934 1828 964 1883 et
979 1822 1126 1884 sociorum
1143 1821 1278 1883 iniurias

240 1963 272 2003 eo
302 1963 395 2025 nsque
426 1943 594 2022 corrupisse
621 1950 656 2005 nt
675 1963 788 2023 pareres
813 1943 960 2025 leuionnm
985 1967 1004 2004 a
1028 1942 1197 2004 deterrimis
1221 1963 1276 2024 ap·

234 2061 426 2142 uelleretur;
457 2063 624 2124 contrain
656 2063 799 2144 optimam
830 2084 985 2147 quemque,
1017 2063 1144 2125 manime
1166 2062 1204 2124 in
1225 2083 1276 2124 co-

239 2181 344 2244 mites
374 2189 408 2245 et
439 2183 580 2245 amicos
614 2187 726 2245 Germ.
762 2184 947 2274 saevisse,·
979 2189 1128 2265 postremo
1158 2183 1276 2265 ipsum

238 2301 502 2364 devotionibus
530 2298 566 2363 et
601 2323 736 2364 veneno
767 2304 993 2384 peremisse:
1027 2324 1114 2364 sacra
1148 2303 1218 2364 binc
1246 2307 1276 2364 et

237 2419 457 2482 immolationes
480 2421 633 2505 uffanrlas
655 2410 753 2502 ipsius
776 2428 805 2483 et
826 2422 999 2484 Plancinae
1007 2443 1018 2496 ,·
1040 2422 1195 2503 petitam
1220 2442 1276 2482 ar·

236 2539 304 2599 mis
327 2560 396 2601 rem
400 2562 431 2622 p,
455 2547 547 2623 utque
571 2561 639 2601 reus
662 2541 714 2620 aui
733 2547 835 2621 pessel
858 2541 924 2604 acie
947 2543 1067 2604 nictum.
1103 2563 1128 2605 c.
1154 2543 1274 2606 7-14.

238 2658 402 2721 Accusatio
434 2657 530 2742 igitur
559 2658 674 2744 duplex
707 2668 788 2723 erate
813 2682 893 2724 mors
918 2683 971 2745 per
994 2683 1144 2725 venenum
1168 2669 1275 2746 parata

238 2775 438 2840 Germanico:
470 2799 573 2840 rerum
604 2799 752 2841 novarum
787 2778 943 2856 studium3
973 2779 1082 2843 harum
1105 2772 1188 2863 prior
1211 2802 1274 2844 non

236 2897 291 2961 diu
324 2897 438 2974 valuit,
470 2898 582 2962 etenim
615 2897 705 2976 Piso,
738 2899 788 2962 cui
819 2897 946 2962 aderant
978 2899 1032 2962 M’.
1057 2898 1212 2984 Lepidus,
1235 2897 1273 2964 L.

234 3015 305 3080 Piso
330 3025 360 3081 et
375 3016 534 3081 Livineius
550 3017 705 3101 Regulus,
726 3018 843 3079 solum
863 3018 994 3081 ueneni
1013 3019 1148 3081 crimen
1170 3019 1276 3081 nisus

234 3143 290 3197 est
320 3135 504 3211 diluisse,
536 3137 633 3218 quod
661 3157 703 3198 ne
735 3120 978 3198 accusatores
1005 3135 1151 3218 quidem
1174 3135 1275 3198 satis

230 3254 453 3335 firmabant.
478 3253 546 3318 Hoc
564 3254 690 3317 crimine
703 3253 851 3316 liberatus
863 3275 933 3316 reus
946 3252 1093 3335 relinquit
1109 3251 1272 3316 Senatum:

232 3373 420 3458 regreditur:
440 3375 732 3458 redinteuratamqnc
744 3375 978 3449 cremationem,
991 3374 1129 3456 infirnsas
1141 3357 1272 3436 Patrnin

231 3515 331 3568 noces,
352 3495 479 3555 adversa
506 3503 535 3555 et
558 3515 650 3573 caena
674 3501 781 3556 cuncta
805 3515 981 3574 perpessus,
1005 3494 1091 3556 nullo
1109 3495 1205 3575 mauis
1220 3515 1270 3556 ea·

231 3610 357 3672 territus
381 3618 443 3686 est,
466 3632 553 3693 qnam
579 3613 660 3694 quod
684 3612 868 3674 Tiberium
892 3614 959 3674 sine
978 3613 1184 3686 miseratione,
1203 3613 1271 3675 sinc

230 3730 291 3803 ira,
321 3730 504 3792 obstinatum
535 3731 730 3814 clausumque
753 3732 834 3793 vidit
857 3753 895 3794 ne
917 3753 974 3816 quo
999 3733 1113 3816 affectu
1130 3752 1269 3814 perrum-

228 3855 358 3926 peretur.
393 3848 504 3912 Denuo
528 3849 654 3912 domum
679 3849 794 3913 relatus
818 3871 915 3934 panca
939 3850 1106 3914 conscribit
1129 3850 1270 3934 obsigna·

209 4022 211 4028 ,
232 3972 325 4050 taque
349 3967 444 4032 tradit
467 3968 595 4047 liberto,
620 3971 730 4054 operiri
754 3970 833 4034 fores
854 3970 940 4035 iubet
956 3993 990 4034 cc
1008 3969 1155 4055 postridie
1171 3972 1270 4055 prima

230 4084 300 4149 lucc
325 4085 460 4170 perfosso
483 4088 592 4172 iugulo
615 4097 754 4173 repertus
778 4097 833 4153 cst.
857 4127 903 4138 -
922 4089 980 4152 His
996 4089 1126 4152 narratis
1141 4088 1268 4153 Tacitus

193 4199 206 4220 ’
230 4203 393 4289 subiungit
415 4205 543 4286 haecce,
569 4230 594 4273 c.
621 4211 680 4272 16:
704 4211 822 4272 Audire
836 4231 882 4272 me
896 4210 1017 4272 memini
1033 4231 1070 4272 ec
1085 4208 1264 4286 senioribus,
