3008 4920
780 407 821 467 62

285 610 425 692 serviisse
455 611 525 675 luce
556 611 666 677 clarius
691 620 752 690 est,
777 611 821 676 ita
843 619 880 678 ut
902 611 952 677 hic
976 635 1100 698 quoque
1123 614 1161 680 de
1184 616 1319 702 Impera·

282 731 357 794 toris
381 730 523 794 ministro
546 732 674 816 eogitari
698 739 839 816 nequeat.

327 849 412 915 Haec
443 851 582 936 exempla
611 860 805 917 recensentes
840 851 999 917 videmus:
1032 862 1094 918 tres
1125 862 1317 920 accusatores

281 969 405 1053 punitos
435 946 502 1034 esse
536 971 575 1036 ob
608 969 709 1036 Seiani
732 971 883 1036 scelerum
906 972 1100 1050 societatem,
1125 996 1235 1058 nempe
1258 974 1318 1038 Pa·

279 1087 459 1165 ennianum,
487 1086 657 1167 Latiarem,
690 1088 864 1166 Marinum,
898 1089 1012 1173 quibus
1040 1090 1157 1155 accedit
1184 1091 1312 1156 fortasse

279 1207 496 1287 Vescularius;
520 1210 580 1274 iam
604 1210 661 1274 hos
685 1211 723 1275 ob
748 1211 852 1277 oculos
875 1212 1019 1289 habuisse
1036 1211 1157 1278 videtur
1171 1212 1311 1290 Tacitus,
1340 1225 1341 1228 ’

280 1326 528 1412 quandoquidem
558 1328 613 1393 illa
643 1330 855 1414 reprehensio,
887 1330 925 1394 de
950 1324 1011 1415 qua
1033 1332 1154 1416 agitur,
1179 1330 1311 1397 Latiaris

279 1467 396 1530 poenae
418 1448 566 1512 mentioni
590 1448 751 1513 subicitur.
786 1450 830 1512 At
853 1470 924 1513 vero
948 1449 1122 1535 negandum
1147 1457 1193 1514 est
1208 1449 1311 1515 Seiani

280 1563 450 1642 adiutores,
475 1586 536 1650 quo
560 1587 651 1629 sensu
675 1567 805 1650 scriptor
827 1566 886 1630 hoc
908 1567 995 1645 fecit,
1020 1566 1135 1631 Tiberii
1158 1567 1314 1631 ministros

281 1683 342 1748 dici
365 1705 464 1770 posse.
499 1683 628 1749 Seianus
652 1685 715 1770 egit
730 1684 883 1770 quidquid
899 1692 930 1749 et
944 1708 998 1770 per
1012 1707 1090 1771 quos
1107 1686 1206 1750 voluit
1220 1687 1316 1751 nesci·

280 1811 349 1867 ente
372 1802 512 1882 Tiberio,
538 1811 574 1867 ut
594 1825 687 1894 supra
709 1804 842 1870 vidimus
857 1804 890 1868 in
907 1826 977 1869 ann.
995 1826 1025 1889 p.
1042 1807 1099 1884 49,
1117 1812 1209 1890 atque
1225 1804 1313 1868 illum

280 1921 450 1986 facinorum
473 1944 605 2007 guarum
630 1921 761 1987 faciebat
768 1970 777 2000 ,
798 1922 921 2006 quando
939 1930 970 1986 et
990 1930 1141 2007 quatenus
1160 1902 1238 1988 utile
1254 1924 1314 1988 sibi

284 2039 454 2105 videbatur,
501 2040 615 2104 Probat
637 2041 696 2104 hoc
719 2040 794 2104 haec
816 2041 883 2125 ipsa
906 2063 996 2104 causa
1020 2039 1142 2119 Sabini,
1166 2062 1257 2123 quem
1277 2039 1315 2103 ad

284 2158 445 2224 seditiosos
481 2182 633 2225 sermones
667 2159 907 2224 sollicitaverant
940 2158 1073 2223 Latiaris
1107 2166 1229 2243 tresque
1264 2158 1316 2223 alii

283 2277 445 2344 Senatores
469 2301 505 2344 eo
528 2279 675 2357 consilio,
701 2286 736 2343 ut
760 2278 863 2344 Seiani
886 2279 1077 2343 voluntatem
1100 2277 1159 2342 sibi
1176 2277 1317 2342 coucilia-

283 2404 369 2474 rent,
401 2419 455 2482 per
485 2419 574 2482 quem
607 2398 706 2462 solum
739 2397 777 2461 ad
809 2398 1019 2476 consulatum,
1051 2404 1088 2460 ut
1118 2404 1164 2460 est
1187 2395 1234 2460 IV
1258 2382 1332 2474 68,ι

281 2513 384 2579 aditus
413 2514 555 2599 patebat3
589 2513 749 2580 Caesarem
779 2517 860 2580 iacta
886 2516 945 2580 iam
970 2516 1163 2580 accusatione
1190 2514 1313 2580 demum

279 2635 324 2700 rei
355 2625 513 2701 certiorem
547 2637 687 2702 fecerunt
716 2638 755 2703 ci.
778 2637 826 2703 IV
851 2640 910 2717 68,
941 2641 992 2702 69.
1040 2638 1150 2722 Itaque
1173 2636 1315 2702 Tiberius

282 2763 407 2820 eatenus
423 2762 545 2819 tantum
561 2755 734 2841 culpandus
750 2771 814 2836 est,
832 2757 925 2843 idque
939 2780 1011 2822 sane
1022 2757 1236 2842 gravissimum
1248 2755 1314 2820 eius
1361 2781 1365 2789 ·

278 2884 454 2961 peccatum,
479 2878 531 2942 sed
553 2878 677 2942 anullo
700 2879 798 2962 magis
822 2901 913 2962 quam
933 2878 971 2943 ab
988 2879 1054 2962 ipso
1071 2877 1265 2962 deploratum
1279 2876 1314 2960 ¹),

279 2995 364 3082 quod
395 2995 518 3061 colendi
548 2996 650 3062 Seiani
682 2999 747 3082 ipse
774 2999 883 3062 ceteris
907 2996 1032 3062 dederat
1064 2996 1246 3081 exemplum.
1269 3032 1315 3046 -

283 3114 333 3178 Ad
364 3114 498 3198 reliquos
529 3124 721 3180 accusatores
757 3123 793 3181 ut
825 3126 977 3194 revertar,
1012 3115 1073 3181 iam
1105 3114 1237 3180 vidimus
1268 3112 1317 3178 his

281 3234 398 3300 nullam
427 3256 496 3300 cum
528 3235 651 3301 Tiberio
685 3229 891 3301 intercessisse
922 3234 1186 3301 consuetudinem.
1232 3233 1316 3319 Ergo

282 3353 440 3443 scriptoris
471 3355 679 3435 insimulati0,
710 3354 866 3420 Tiberium
891 3353 1036 3420 habuisse
1059 3355 1202 3419 scelerum
1226 3355 1315 3417 mini-

283 3483 361 3538 stros
385 3474 502 3559 bosque
524 3479 561 3539 ab
584 3477 660 3540 aliis
683 3475 769 3561 perdi
785 3476 938 3555 noluisse,
956 3484 986 3540 at
1003 3477 1101 3557 ipsum
1118 3475 1315 3559 plerumque,

312 3721 337 3782 1)
356 3718 478 3769 Tiberium
496 3717 621 3782 agnovisse
638 3719 702 3768 huuc
720 3717 889 3769 calamitosum
906 3731 1010 3766 errorem
1028 3719 1052 3765 et
1070 3713 1221 3779 deplorasse,
1237 3713 1314 3763 maui-

279 3814 341 3864 festo
360 3813 428 3864 illiue
445 3812 561 3872 efficitur,
579 3811 643 3878 quod
660 3812 838 3863 exeusationem
859 3809 958 3862 admisit
975 3808 1082 3859 Terentii
1099 3814 1124 3858 et
1141 3806 1250 3868 Lentuli;
1267 3807 1310 3857 bo·

276 3931 331 3965 rum
353 3913 431 3974 enim,
457 3912 499 3978 qui
523 3911 626 3962 accusati
649 3917 717 3962 eraut
734 3912 853 3962 amicitiae
878 3911 959 3961 Seiani
976 3927 989 3959 s
1007 3908 1167 3968 delatoribus,
1184 3908 1245 3957 alter
1262 3922 1313 3957 res·

276 4012 373 4078 pandit:
395 4009 494 4075 perinde
515 4026 540 4059 se
561 4026 632 4074 quase
658 4008 773 4058 naeuus
788 4007 856 4072 falli
868 4005 986 4071 potuisse,
1006 4020 1081 4069 seque
1097 4019 1199 4054 morem
1217 4002 1315 4051 essm

277 4109 333 4160 s'lts‘
359 4109 411 4158 sine
424 4108 533 4172 fraude,
555 4108 636 4156 aliis
653 4106 727 4156 ssits'o
743 4105 890 4165 habndum
907 4106 1018 4169 idemque
1035 4104 1084 4153 fers
1102 4103 1164 4152 alter
1180 4099 1313 4165 respoudit.

278 4208 311 4258 sl.
329 4206 363 4256 v1
382 4207 414 4268 8,
432 4206 472 4258 80.
509 4205 616 4270 Uterque
632 4204 733 4256 sumtus
749 4204 874 4255 absolutus
890 4208 934 4254 est
