3008 4920
738 383 779 442 96

238 586 389 650 tributum
421 587 458 650 iri
488 588 538 650 oui
570 587 648 671 ipsis‘
675 587 857 672 placuisset,
890 588 922 652 id
955 611 1043 673 aegre
1075 590 1212 657 ferebant
1241 600 1271 656 et

237 707 470 770 murmurabant
495 707 672 790 Augustum
696 730 757 771 non
783 707 819 771 de
845 683 900 771 sua
925 709 1102 785 voluntate,
1128 710 1180 773 sed
1198 734 1270 774 uxo

237 827 277 889 ris
302 826 418 890 artibus
442 826 699 903 circumuentum,
728 827 884 891 Tiberium
910 829 1102 912 praetulisse.
1150 829 1268 895 Scimus

238 947 312 1010 haec
336 970 371 1010 ex
394 935 495 1011 Taciti
520 946 698 1024 annalibus,
717 948 805 1011 ouius
821 946 985 1011 relationes
1003 949 1059 1029 hae
1075 950 1113 1013 de
1130 973 1161 1014 re
1177 974 1270 1036 supra

239 1092 266 1152 p.
285 1071 322 1129 15
337 1090 402 1150 sqq.
420 1068 590 1131 retulimus.
615 1066 780 1144 Nimirum,
799 1090 877 1151 quae
894 1069 946 1132 ille
963 1069 1000 1133 de
1017 1069 1073 1133 hau
1091 1072 1269 1154 quaestione

237 1188 398 1252 memoriae
430 1187 582 1271 prodidit,
608 1188 715 1272 partini
738 1209 772 1250 ex
793 1186 950 1250 lutulento
973 1187 1028 1250 illo
1052 1189 1152 1265 fonte,
1178 1211 1269 1274 quem

236 1308 411 1391 designavi,
436 1308 547 1392 partim
573 1329 609 1369 ex
634 1308 701 1371 aliis
729 1308 969 1393 melioribusque
995 1308 1039 1372 vel
1065 1331 1101 1372 ex
1126 1318 1268 1372 accurato

236 1450 335 1491 rerum
352 1427 455 1495 studio
471 1426 607 1490 derivata
624 1436 696 1490 sunt
703 1454 711 1504 ;
731 1427 802 1490 binc
818 1427 935 1491 tactum
953 1436 1008 1504 est,
1026 1435 1062 1492 ut
1078 1428 1128 1492 hic
1145 1452 1269 1514 quoque

236 1549 301 1613 eius
326 1547 473 1612 iudicium
497 1547 601 1610 eadem
626 1547 744 1610 laboret
761 1549 961 1632 ambiguitate
978 1562 1008 1613 et
1025 1550 1268 1615 contradictione

235 1693 325 1754 quam
347 1669 420 1733 alibi
440 1670 499 1732 iam
521 1669 642 1752 saepius
659 1668 935 1753 deprehendimus,
962 1693 1100 1754 quaeque
1118 1693 1174 1734 nos
1187 1672 1270 1755 cogit

235 1797 270 1853 ut
302 1812 394 1854 causa
424 1790 547 1873 cognita
580 1811 616 1852 es
641 1796 746 1852 nostra
770 1790 906 1874 ipsorum
931 1790 1128 1873 persuasione
1152 1800 1271 1854 senten·

234 1910 307 1972 tiam
333 1909 477 1972 feramus.

280 2031 439 2112 Quaenam
473 2030 527 2095 illa
562 2031 713 2094 sententia
744 2053 809 2094 esse
842 2030 969 2106 debeat,
1002 2031 1145 2115 opusculi
1175 2032 1269 2095 huius

234 2152 324 2217 initio
349 2152 556 2227 ostendimus,
582 2173 665 2214 nunc
690 2151 720 2214 id
746 2157 865 2214 tanturn
888 2149 975 2226 volo,
992 2151 1086 2214 fuisse
1103 2150 1269 2235 permultos

234 2274 286 2356 qui
320 2274 514 2357 Augustum,
549 2271 586 2334 ab
618 2292 712 2334 uxore
744 2271 823 2333 dolis
858 2270 1122 2346 circumductum,
1158 2271 1270 2334 iniuria

234 2392 390 2456 Tiberium
425 2391 608 2454 Germanico
644 2390 855 2473 anteposuisse
888 2389 1094 2453 aestimarent.
1142 2389 1200 2465 Hi,
1234 2398 1270 2454 ut

234 2510 324 2574 facile
346 2509 550 2592 intelligitur,
576 2509 648 2570 novi
671 2509 796 2571 rectoris
821 2515 888 2571 acta
916 2508 1030 2592 lynceis
1051 2508 1149 2571 oculis
1171 2509 1270 2572 intue-

234 2631 362 2707 bantur,
386 2629 538 2714 numquid
564 2628 796 2692 inimicitiarum
824 2628 856 2691 in
881 2627 1097 2691 Germanicum
1120 2628 1269 2692 indicium

234 2751 415 2815 exhiberent
423 2777 432 2828 3
458 2772 492 2813 ao
517 2748 595 2812 male
620 2748 719 2811 seduli
743 2748 806 2824 illi,
832 2746 908 2811 nihil
934 2749 1045 2811 certius
1069 2744 1267 2831 reperientes,

234 2932 390 2946 m..—

230 3032 337 3092 errtr‘tr't,
362 3038 389 3081 ut
417 3030 508 3080 t'r'berr'o
532 3028 717 3089 adnotaretur.
735 3027 915 3090 caedamfilii),
935 3045 996 3078 curre
1014 3027 1109 3077 omnia
1126 3028 1192 3077 atr'a
1209 3043 1269 3077 con·

231 3131 385 3195 quirerent
408 3129 667 3192 incenderuntque.

264 3227 331 3276 Nihil
355 3230 435 3275 autem
462 3224 541 3274 verius
563 3240 634 3288 quam
661 3223 733 3272 illud:
752 3222 871 3272 atrociore
887 3238 977 3286 rempn
985 3223 1058 3288 sama
1075 3238 1131 3285 erpa
1149 3221 1270 3270 dominan-

231 3327 291 3375 tium
309 3323 429 3381 err'taa;
447 3323 540 3372 scilicet
557 3322 586 3370 de
603 3321 697 3370 nemina
715 3337 761 3369 non
781 3336 808 3369 ex
827 3320 942 3369 Caesarea
958 3324 1029 3384 pente
1048 3319 1166 3369 violentae
1185 3319 1269 3367 mortis

231 3423 277 3472 tuit
301 3422 419 3485 suspicio;
444 3421 477 3469 ita
503 3421 632 3468 Drusum
652 3419 664 3466 Ι
688 3418 717 3467 ab
736 3418 787 3482 ipso
806 3419 916 3482 Augusto
934 3433 1027 3466 ueneno
1045 3417 1200 3466 interiectum
1218 3432 1268 3464 essa

231 3521 305 3581 (Suet.
333 3519 419 3568 Claud.
447 3518 459 3566 l
483 3517 514 3566 oi.
540 3516 595 3565 Tib.
623 3517 679 3576 50),
705 3515 806 3564 Caium
834 3510 1046 3579 etlLucium'a
1072 3520 1174 3563 noverea
1201 3513 1269 3562 bivia

231 3618 337 3668 sublatos
361 3617 383 3679 (l
403 3617 439 3674 3),
466 3616 489 3665 in
516 3614 648 3678 Augusti
672 3613 739 3663 obitu
764 3613 841 3662 scelus
866 3614 945 3662 uxoris
962 3614 983 3671 (Ι
1002 3617 1033 3671 5;
1049 3613 1080 3661 ct.
1098 3618 1183 3661 contra
1201 3613 1267 3665 Suet.

231 3715 292 3777 Aug.
310 3714 341 3765 97
360 3714 422 3776 sqq.)
439 3712 461 3759 in
481 3709 601 3758 Tiberii
619 3714 696 3758 morte
714 3708 837 3757 Macronis
853 3712 896 3756 aut
909 3707 1031 3770 Caligulae
1049 3723 1146 3756 manum
1164 3707 1267 3771 suspica·

232 3809 319 3857 bantur
345 3807 388 3869 (Vl
415 3807 453 3854 tu.
480 3806 547 3853 Suet.
568 3804 619 3864 73).
654 3804 721 3869 Quae
746 3804 827 3853 omnia
849 3805 927 3868 primo
951 3819 1030 3852 rerum
1054 3807 1079 3852 et
1102 3804 1267 3853 narrationum

231 3909 318 3957 obtutu
337 3906 397 3956 salsa
413 3906 574 3970 reperiuntur.

264 4005 300 4053 De
317 4003 389 4053 (laio
411 4006 520 4068 superest
543 4000 668 4066 inscriptio
694 4001 796 4059 Pisana,
822 4001 848 4049 in
874 4000 959 4050 Orellii
983 4001 1054 4049 inser.
1080 4001 1132 4051 Lat.
1151 4001 1191 4050 sel.
1210 4000 1267 4050 ooll.

232 4101 293 4160 643,
311 4101 334 4149 in
349 4099 521 4165 qualegimus,
540 4114 594 4147 eum
614 4098 798 4147 volneribus
815 4113 869 4162 pro
887 4098 1045 4162 republica
1063 4099 1212 4163 exceptis,
1230 4114 1265 4147 ex

231 4215 265 4248 eo
283 4213 350 4246 casu
368 4196 541 4246 crudelibus
560 4195 640 4244 tatis
657 4199 793 4259 ereptum
813 4193 927 4259 populo
945 4194 1083 4243 Romano.
