3008 4920
733 447 774 508 85

283 652 312 714 5.
336 651 468 716 Decreta
492 660 563 716 sunt
588 652 788 736 triumphalia
810 653 944 738 insignia
967 654 1131 719 comitibus
1155 655 1274 720 amicis·

235 792 295 854 que
319 771 504 836 Germanici.
530 794 556 836 c.
585 775 635 837 72.

283 893 312 953 6.
337 890 476 956 Tiberius
508 891 702 976 largitionem
734 891 819 956 dedit
850 892 965 977 populo
996 892 1034 957 de
1062 915 1118 957 suo
1142 894 1194 958 sed
1218 916 1273 958 no·

236 1010 318 1075 mine
343 1011 526 1076 Germanici.
549 1008 601 1089 II,
626 1015 680 1075 49.
714 1090 716 1095 ,

284 1131 312 1194 7.
344 1128 401 1194 Cn.
433 1130 587 1206 Sentium,
625 1152 715 1215 quem
751 1131 893 1195 exstincti
928 1130 1104 1195 Germanici
1134 1133 1272 1212 sodales,

235 1247 329 1331 legati
352 1248 505 1332 ceterique
518 1247 670 1312 Senatorii
694 1248 810 1312 ordinis
835 1250 889 1333 qui
913 1249 1049 1327 aderant,
1067 1250 1171 1335 Syriae
1187 1273 1273 1336 prae-

235 1368 385 1445 fecerant,
411 1369 526 1452 qniqne
551 1367 608 1432 On.
633 1368 794 1446 Pisonem,
818 1369 1011 1464 imperatoris
1027 1380 1272 1454 procuratorem,

236 1489 266 1550 vi
289 1511 326 1551 en
350 1489 425 1552 Asia
449 1489 645 1573 propulerat,
669 1490 827 1572 impunem
851 1488 977 1573 reliquit
1000 1511 1056 1552 nec
1072 1512 1198 1554 munere
1214 1491 1273 1576 pri·

237 1607 328 1671 ravit.
354 1629 378 1671 c.
405 1609 457 1671 74.

282 1733 311 1791 8.
336 1728 493 1791 Defuncto
517 1726 700 1791 Germanico
725 1726 856 1791 honores
871 1727 999 1791 decerni
1017 1749 1127 1812 passus
1146 1735 1192 1792 est
1207 1750 1272 1814 per·

234 1845 348 1909 multos
372 1853 402 1908 et
426 1844 606 1929 praeclaros.
631 1866 657 1907 c.
684 1846 735 1907 83.
763 1845 785 1927 ¹)

281 1969 311 2029 9.
337 1963 409 2028 Lut.
443 1963 566 2027 Priscus
601 1985 694 2046 eques
717 1962 875 2027 Romanus
898 1971 969 2047 post
992 1963 1109 2027 celebre
1133 1986 1254 2028 carmen
1261 2013 1271 2043 ,

236 2106 298 2168 quo
322 2083 497 2148 Germanici
520 2104 663 2169 suprema
687 2082 867 2160 defleverat,
884 2083 1017 2168 pecunia
1032 2083 1070 2147 ab
1087 2105 1122 2148 eo
1137 2083 1271 2148 donatus

236 2213 290 2268 est.
316 2203 444 2267 11149.

234 2371 236 2375 ,
283 2325 333 2387 10.
359 2324 476 2385 Auctor
499 2322 559 2385 luit
583 2321 710 2385 Senatui
734 2320 948 2386 remunerandi
973 2328 1163 2386 accusatores
1185 2321 1270 2386 Piso·

233 2443 281 2507 nis
305 2442 489 2526 eosdemque
513 2441 640 2506 comites
664 2441 738 2504 olim
761 2441 943 2505 Germanici.
969 2440 1022 2504 ΙΙΙ
1049 2444 1099 2504 19.
1194 2497 1196 2502 .

278 2562 361 2626 Haec
391 2561 466 2645 quid
501 2562 620 2625 valeant
654 2561 762 2626 lectori
785 2560 985 2624 iudicandum
1010 2559 1161 2653 relinquo.
1208 2559 1269 2625 Sed
1334 2634 1340 2642 ,

233 2683 373 2767 quaestio
392 2683 424 2746 iu
445 2691 569 2768 promtu
590 2690 653 2759 est,
678 2704 717 2746 au
741 2681 847 2745 Tacito
870 2681 988 2745 nullius
1016 2680 1164 2745 momenti
1194 2681 1269 2746 haec

233 2804 297 2867 visa
320 2804 400 2880 sint,
425 2802 478 2886 qni
501 2810 604 2865 tamen
627 2802 693 2886 ipse
718 2823 753 2864 ea
774 2801 914 2866 tradidit.
950 2800 1016 2864 Hac
1039 2808 1142 2864 autem
1164 2823 1270 2885 quaes·

233 2923 316 3001 tione
340 2922 422 2985 ultro
446 2921 624 2985 devenimus
646 2920 684 2983 ad
704 2919 931 2983 memorabilem
947 2919 1068 2996 locum,
1086 2920 1141 3005 qui
1155 2919 1269 3004 legitur

232 3042 357 3106 111562
383 3043 464 3105 Tunc
482 3040 623 3106 Tiberius
640 3042 769 3102 Dracon
791 3058 923 3102 sammaa
942 3040 986 3102 rei
998 3042 1149 3115 admouet,
1161 3062 1267 3125 quum

135 3197 137 3201 ·
232 3160 411 3225 incolumi
421 3161 453 3244 Δ2)
484 3160 713 3235 Germanico,
733 3159 914 3241 inteprcm
933 3159 1035 3222 inter
1054 3161 1147 3221 daca
1171 3161 1268 3222 indi-

232 3281 322 3344 ciam
347 3281 538 3342 terruisset.
573 3276 645 3341 Non
669 3277 741 3362 plus
764 3277 903 3342 hauriam
928 3300 964 3342 ex
981 3277 1027 3341 his
1044 3276 1159 3356 verbis,
1177 3300 1270 3362 quam

232 3421 307 3464 sana
337 3397 549 3483 interpretatio
578 3397 741 3474 concedet3
767 3396 819 3461 sed
843 3396 918 3461 haec
942 3398 1002 3460 tria
1025 3405 1158 3461 statuere
1180 3420 1271 3484 posse

230 3520 307 3584 mihi
331 3520 452 3585 videor:
478 3518 612 3603 primum
637 3517 686 3581 his
709 3517 869 3582 extenuari
888 3517 1081 3600 aliquantum
1098 3539 1178 3602 quae
1196 3517 1271 3583 alibi
1323 3512 1328 3522 ’

233 3641 270 3704 de
294 3639 413 3704 infestis
438 3637 621 3702 Germanico
643 3637 836 3722 imperatoris
853 3636 1026 3701 actionibus
1042 3637 1163 3722 prolata
1180 3644 1269 3715 sunt,

236 3819 399 3835 *-

269 3957 293 4017 1)
311 3956 422 4006 Honores
439 3956 494 4006 illos
510 3961 625 4021 rogarunt
642 3957 808 4006 Senatores
814 3975 821 4015 ;
838 3955 878 4014 hi,
896 3971 924 4005 ea
941 3971 987 4020 qua
1005 3959 1074 4006 eraut
1092 3955 1230 4006 humilitate
1246 3960 1271 4006 et
1297 3957 1299 3961 ’

236 4054 347 4104 adulandi
365 4054 458 4113 studio,
476 4055 584 4118 profecto
602 4069 650 4103 non
669 4057 806 4118 rogassent,
824 4053 845 4102 si
857 4052 972 4117 suspicati
985 4057 1065 4103 essent
1079 4054 1103 4102 id
1112 4053 1208 4104 Tiberio
1219 4054 1271 4104 foro

237 4152 367 4216 ingratum.

269 4248 332 4311 a)1.
350 4264 371 4297 e.
388 4247 451 4308 cicc,
469 4246 500 4296 cl.
519 4247 585 4298 Suet.
604 4245 662 4297 Otlr.
688 4246 727 4297 12.
