3008 4920
726 402 762 464 Sl

230 635 312 690 esse,
344 618 381 676 ut
412 611 610 676 Germanicus
644 613 675 676 in
699 612 787 697 Syria
811 637 865 698 pro
889 615 982 678 amieo
1006 616 1152 678 camdem
1176 611 1267 675 offen·

231 733 326 796 deret.
350 754 376 797 c.
399 735 452 796 43.
492 732 607 796 Vereor
634 740 737 797 tamen
762 757 799 797 ne
823 744 937 798 temere
960 734 1003 797 sic
1027 733 1178 796 statuerit.
1219 732 1264 794 Ac

231 853 364 937 primum
390 852 515 938 quidem
538 875 600 916 non
625 854 715 918 credo
740 877 775 916 eo
799 854 908 918 salt-em
927 861 1137 937 temporetam
1155 859 1267 916 arctam

232 971 312 1034 inter
336 971 439 1034 Germ.
464 979 494 1034 et
518 970 656 1035 Silanum
681 973 938 1037 necessitudinem
954 972 1059 1036 fuisse.
1095 971 1155 1034 Res
1174 970 1267 1055 digna

233 1091 332 1154 estin
357 1113 447 1175 quam
472 1090 544 1154 data
568 1113 659 1175 opera
689 1092 890 1177 inquiramus,
937 1091 1083 1176 Legimus
1106 1093 1188 1154 Aun.
1214 1088 1266 1153 ΙΙΙ

233 1214 274 1274 29
300 1214 428 1275 Acetum
450 1212 551 1275 dehinc
570 1213 712 1293 pendium
735 1214 848 1296 nuptiis
872 1214 1000 1276 Neronis
1015 1220 1043 1276 at
1058 1213 1156 1277 Iuliae
1174 1213 1269 1274 Drusi

231 1331 318 1395 uliae.
355 1329 457 1414 Igitur
473 1329 555 1394 Nero
573 1353 634 1393 non
651 1331 746 1405 Silani
763 1333 854 1396 filiam
873 1332 944 1394 olim
963 1332 1023 1395 sibi
1039 1320 1264 1415 desponsatam,

232 1449 398 1514 sedaliam
422 1472 548 1513 uxorem
572 1450 670 1514 duxit.
707 1450 824 1530 Quidni
848 1451 938 1515 duxit
962 1451 1067 1515 illam?
1098 1450 1266 1514 Obicratne

233 1567 329 1631 Silani
345 1567 431 1631 filia?
455 1567 542 1631 Nihil
565 1569 602 1632 de
620 1569 677 1633 hoc
700 1569 842 1644 Tacitus,
868 1572 955 1634 cuius
972 1579 1073 1634 tamen
1090 1570 1122 1634 id
1139 1592 1267 1634 comme·

234 1709 351 1750 morare
366 1687 571 1764 interfuisset,
596 1685 639 1752 ue¹
652 1690 710 1752 alia
726 1689 764 1754 de
785 1711 876 1753 causa
892 1712 1034 1774 sponsam
1052 1698 1186 1774 spretam
1204 1711 1267 1752 esse

234 1808 367 1892 suspicio
383 1808 617 1891 relinqueretur.
641 1809 751 1894 ltaque
766 1810 870 1894 potius
883 1792 1119 1874 existimandum
1137 1818 1182 1873 est
1195 1810 1268 1873 Ger-

235 1929 402 2006 manicum,
428 1951 445 1992 a
469 1952 530 2014 quo
554 1938 690 2016 tempore
706 1932 808 1995 Druso
825 1933 916 1996 fratre
933 1934 980 1997 uti
997 1934 1097 2018 coepit
1113 1931 1267 1996 familiari·

237 2056 292 2126 ter,
310 2049 373 2112 filio
389 2057 463 2112 natu
482 2050 612 2112 maximo
629 2050 757 2113 maiores
773 2051 898 2135 nuptias
916 2052 1094 2136 concupisse
1112 2051 1269 2135 principis·

236 2188 296 2251 quc
319 2150 441 2251 neptem
466 2167 524 2230 sibi
549 2189 660 2231 nurum
685 2168 837 2252 petivisse.
864 2168 951 2232 Hanc
971 2169 1177 2231 coniecturam
1193 2161 1267 2251 ipsis

236 2281 328 2345 rebus
352 2282 525 2345 confirmari
549 2284 666 2366 opinor.
714 2282 836 2346 Silanus
863 2306 889 2346 a.
914 2288 946 2346 ll
971 2306 1001 2367 p.
1019 2283 1054 2347 O.
1073 2307 1102 2346 n.
1123 2283 1171 2366 (cf.
1196 2282 1271 2367 Nip-

237 2399 347 2484 perdey
371 2400 409 2463 ad
434 2400 545 2483 1143)
578 2401 610 2464 in
639 2401 754 2486 Syriam
780 2403 875 2478 abiit,
901 2403 1069 2488 eodemque
1093 2425 1173 2466 anno
1197 2403 1271 2466 Ger-

237 2520 373 2582 manicus
396 2521 429 2582 in
453 2519 596 2584 Galliam.
633 2520 734 2605 lgitur
758 2521 795 2585 ab
820 2522 878 2586 boc
901 2522 972 2585 inde
996 2543 1076 2585 anno
1100 2521 1139 2585 ad
1155 2543 1269 2591 annunt

242 2631 301 2716 18,
329 2661 390 2724 quo
415 2641 518 2704 Germ.
543 2642 577 2704 in
600 2641 716 2726 Syriam
742 2643 840 2720 venit,
865 2643 989 2706 nonnisi
1013 2639 1168 2706 literarum
1194 2665 1273 2706 com·

239 2761 386 2825 mercium
408 2761 489 2825 inter
512 2761 615 2825 ambos
640 2762 791 2826 exstitisse
815 2763 933 2847 potuit;
959 2762 1030 2824 hinc
1049 2761 1207 2845 probabile
1223 2768 1270 2824 est

240 2880 396 2963 sponsalia
425 2881 504 2942 facta
536 2903 600 2943 esse
632 2890 702 2943 ante
732 2902 847 2944 annum
882 2884 939 2956 ll,
965 2902 1061 2963 quum
1086 2889 1184 2964 patres
1209 2901 1271 2942 una

240 3006 340 3062 essent
372 2998 502 3075 Romae,
534 3020 634 3081 neque
665 2998 767 3062 obstat
798 2997 951 3062 Neronem
985 3009 1050 3061 tum
1080 3002 1097 3061 5
1123 3019 1271 3060 annorum

241 3142 371 3203 puerum
403 3119 514 3193 fnisse,
550 3119 800 3204 quandoquidem
832 3119 964 3182 infantes
993 3118 1144 3182 nobilium
1170 3116 1218 3180 vel
1241 3117 1274 3181 in

243 3240 331 3304 cunis
355 3239 499 3303 collocari
523 3239 662 3303 solebant
678 3240 751 3323 (vid.
776 3219 992 3303 Friedlaender
1008 3237 1214 3322 Sittengesch.
1240 3237 1272 3313 I·,

244 3361 333 3442 268).
380 3359 447 3423 Iam
480 3380 551 3422 vero
583 3359 758 3424 Germanici
793 3359 949 3444 Drusique
980 3360 1108 3423 interior
1134 3357 1276 3421 'amicitia

243 3487 313 3562 post
337 3477 415 3542 illud
441 3488 561 3563 tempus
586 3479 709 3542 demum
734 3489 800 3542 orta
825 3467 889 3558 est3
914 3478 1014 3542 1143
1040 3479 1187 3543 dicuutur
1205 3479 1275 3560 fra-

246 3605 307 3660 tres
342 3600 457 3680 apropia
488 3600 643 3662 concordes
666 3607 695 3661 et
714 3602 918 3682 prosimurum
941 3599 1153 3662 certaminibus
1175 3601 1278 3661 incoa-

243 3717 342 3786 euasi,-
363 3715 468 3779 eodem
486 3737 566 3779 anno
580 3715 752 3792 Haterium,
770 3718 980 3802 propinquum
993 3717 1178 3794 Germanici,
1194 3739 1277 3801 prae·

245 3844 347 3899 turam
373 3834 556 3909 ambientem
581 3859 642 3900 una
667 3837 865 3914 adiuverant,
892 3859 988 3921 quum
1011 3837 1150 3922 plerique
1171 3845 1278 3899 contra

147 4027 150 4033 ¹
246 3955 440 4033 niterentur3
476 3964 633 4040 praeterea
668 3956 869 4021 Germanicus
904 3966 1011 4041 petens
1046 3957 1204 4020 Orientem
1238 3954 1276 4020 ab

246 4074 355 4141 itinero
379 4074 510 4139 devertit
533 4077 565 4139 in
589 4075 773 4141 Dalmatiam
801 4085 836 4140 ut
862 4077 974 4151 ‘viseret
997 4077 1132 4140 Drusum
1156 4075 1191 4139 ΙΙ
1216 4078 1276 4154 51,

249 4199 308 4273 535
341 4196 419 4259 hanc
449 4195 488 4259 ob
522 4212 645 4260 causam
677 4219 746 4260 eum
769 4197 830 4260 iam
853 4204 920 4260 tum
945 4196 982 4260 de
1005 4195 1062 4259 filii
1084 4195 1278 4260 matrimonio

1139 4315 1158 4372 6
