3008 4920
733 403 774 464 82

235 609 306 674 cum
337 609 432 672 Drusi
463 608 526 672 filia
558 607 708 692 cogitasse
740 617 770 671 et
795 608 944 691 sprevisse
968 607 1061 671 filiam
1086 606 1182 671 Silani
1207 608 1270 671 veri

235 737 281 794 est
316 727 517 791 simillimum.
541 778 542 782 ,
566 726 624 789 His
656 726 774 791 accedit
797 726 880 812 quod
905 726 943 789 de
968 725 1073 789 Silano
1097 726 1185 790 nulla
1208 749 1270 790 am-

235 852 316 936 plius
341 851 376 914 fit
398 850 513 915 mentio
520 875 529 926 3
556 871 712 933 nusquam
735 849 881 914 docemur
897 857 951 913 aut
968 850 1185 913 Germanicum
1203 850 1269 913 eius

234 973 403 1037 discessum
428 994 517 1056 aegre
543 971 667 1047 tulisse,
693 980 747 1034 aut
770 970 909 1034 Silanum
933 972 968 1045 in
990 971 1111 1035 Pisonis
1128 993 1197 1036 cum
1215 971 1269 1034 illo

234 1093 430 1157 contentione
457 1091 504 1156 vel
527 1092 559 1156 in
583 1091 698 1155 iudicio
723 1088 761 1154 ab
786 1091 850 1154 eius
875 1098 962 1174 parte
986 1091 1122 1167 stetisse,
1141 1090 1201 1174 quo
1218 1112 1271 1153 no·

235 1211 316 1274 mine
341 1218 441 1274 tamen
464 1210 557 1276 multi
580 1216 797 1273 memorantur.
844 1207 890 1270 Ex
915 1207 963 1270 his
988 1229 1134 1291 perquam
1158 1207 1194 1270 fit
1209 1228 1271 1270 cre·

235 1331 346 1408 dibile,
371 1330 533 1414 pristinam
551 1351 655 1393 eorum
672 1327 920 1392 coniunctionem
938 1349 965 1391 a.
986 1329 1025 1402 18
1043 1325 1269 1411 quodammodo

234 1450 415 1515 dissolutam
446 1448 541 1514 fuisse
573 1456 665 1532 atque
692 1447 832 1514 Silanum
856 1469 918 1511 nou
942 1447 1011 1510 ideo
1036 1469 1052 1510 e
1075 1446 1162 1531 Syria
1186 1468 1269 1510 revo-

234 1578 337 1636 catum
370 1593 453 1648 esse,
486 1585 522 1634 ut
553 1569 754 1633 Germanicus
785 1568 868 1632 socio
900 1567 1088 1651 privaretur,
1122 1566 1175 1630 sad
1207 1567 1269 1629 sive

233 1692 323 1756 aliam
357 1690 396 1754 ob
428 1711 551 1753 causam
580 1688 644 1752 sive
674 1687 757 1772 quod
788 1688 848 1751 iam
879 1687 952 1750 satis
977 1686 1049 1764 diu,
1075 1709 1129 1771 per
1152 1703 1268 1772 septem

237 1831 352 1887 annos,
377 1808 552 1895 provinciae
576 1807 760 1891 praefuerat.
779 1807 803 1891 ¹)

280 1928 481 1992 Pervenimus
513 1927 551 2010 ad
585 1927 712 1990 alteram
736 1925 1022 2010 reprehensionem,
1053 1925 1135 2009 quod
1160 1947 1269 2010 nempe

237 2045 377 2110 Tiberius
411 2052 528 2110 remoto
559 2045 663 2109 Silano
696 2042 753 2108 On.
778 2044 921 2107 Pisonem
946 2043 1051 2128 Syriae
1075 2046 1269 2129 praefecerat.

235 2165 307 2230 Piso
333 2189 350 2230 a
372 2165 480 2230 Tacito
503 2166 547 2228 ita
571 2161 755 2228 describitur
778 2163 800 2227 l.
817 2163 856 2226 l.:
883 2166 962 2226 Erat
981 2164 1100 2247 inpento
1116 2164 1269 2228 violentae

237 2292 267 2349 et
290 2286 423 2370 adaequet
445 2287 587 2368 iquorem
611 2284 707 2347 incita
721 2284 842 2366 ferocia
865 2307 884 2345 a
904 2292 995 2370 patre
1014 2286 1125 2348 Pitane
1211 2287 1271 2350 Sed

238 2411 357 2486 praeter
378 2412 521 2486 paternae
543 2404 673 2486 spirituc
697 2405 800 2466 enoria
827 2424 940 2487 qnoque
967 2404 1136 2466 Plancinae
1159 2405 1267 2467 noriet-

232 2529 299 2598 ,tate
333 2531 362 2585 et
397 2523 502 2606 opibus
531 2521 762 2595 accendentem
795 2522 857 2584 aie
886 2522 1032 2584 Tiberio
1056 2525 1266 2600 concedere,

235 2646 343 2708 tiberne
365 2647 431 2708 eiua
454 2651 489 2706 ut
516 2643 643 2706 carettum
670 2644 756 2727 infra
782 2645 965 2726 despectare.
1013 2642 1179 2706 Tradidere
1202 2628 1268 2727 quiss

233 2765 303 2829 dam
327 2764 356 2847 (Ι
375 2767 427 2850 13)
444 2765 622 2849 Augustum
645 2765 800 2829 monuisse
822 2764 978 2829 Tiberium
996 2774 1032 2828 ut
1045 2787 1062 2828 a
1074 2765 1185 2829 Pisone
1208 2765 1267 2829 sibi

233 2891 367 2960 caveret,
393 2884 507 2981 quippe
530 2884 669 2946 nicaeae
693 2885 817 2946 daretur
841 2905 1025 2947 anetarum.
1073 2883 1160 2947 Idem
1175 2883 1201 2946 Ἰ
1225 2885 1267 2949 74

234 3005 400 3100 principem
434 3012 514 3068 tecte
545 3004 597 3068 sed
630 3006 739 3069 acriter
770 3007 802 3069 in
838 3005 952 3070 Senatu
977 3007 1120 3091 petivisse
1143 3007 1266 3071 dicitur.

233 3123 274 3188 Et
308 3124 391 3188 hunc
421 3123 545 3208 quidem
576 3125 676 3187 virum
700 3125 830 3209 scriptor
853 3123 1012 3188 contendit
1035 3125 1149 3189 Tiberii
1173 3125 1266 3189 fuisse

232 3245 424 3321 ministrum,
458 3243 511 3327 qui
535 3243 615 3306 nulli
638 3244 757 3327 privato
782 3244 853 3307 odio
878 3244 1061 3320 inserviens,
1087 3245 1139 3308 sed
1168 3245 1267 3328 Impe-

232 3363 340 3427 ratoris
363 3368 485 3427 tantum
509 3363 625 3446 gratia,
650 3363 795 3446 periculis
818 3363 1023 3447 infamiaeque
1039 3386 1071 3427 se
1087 3362 1263 3440 obiecisset,

232 3490 264 3549 et
286 3484 318 3547 in
350 3481 477 3546 Oriente
509 3482 611 3545 sicarii
643 3482 707 3545 vice
732 3490 810 3546 esset
834 3482 969 3546 functus.
1017 3481 1096 3561 Quis
1118 3483 1177 3546 hoc
1201 3505 1266 3546 um·

231 3626 323 3689 quam
355 3602 480 3667 credat?
521 3602 596 3666 Erat
627 3602 700 3666 Piso
730 3601 790 3666 nisi
822 3602 965 3665 inimicus
996 3601 1127 3680 Tiberii,
1157 3602 1263 3665 saltem

231 3725 352 3809 imperii
381 3724 448 3788 eius
480 3746 542 3788 non
566 3723 657 3787 nimis
678 3725 814 3809 patiens,
840 3727 1039 3809 omniumque
1068 3726 1195 3790 minime
1222 3748 1266 3788 as·

264 4010 288 4067 l)
307 4009 443 4074 Qucminua
460 4011 585 4060 credamus
602 4010 726 4061 Tiberium
744 4013 847 4063 Neronis
864 4014 987 4079 Ioliaeque
1005 4015 1184 4065 matrimonium
1203 4019 1267 4064 stro·

230 4107 291 4156 xisae
312 4106 419 4172 politicis
441 4107 476 4156 de
495 4108 586 4166 causis,
608 4108 705 4158 obstant
732 4110 810 4159 Taciti
835 4128 886 4159 vu:
914 4113 1017 4161 Acetum
1035 4112 1121 4160 detine
1135 4112 1274 4175 candian:

230 4203 317 4267 quibus
333 4208 398 4254 certa
415 4220 462 4253 nou
482 4220 539 4253 naus
556 4213 620 4254 esset
637 4205 666 4254 dc
685 4206 745 4256 bene
762 4212 858 4272 peracta
877 4209 1033 4274 imperatoria
1051 4209 1236 4258 machinatione.
