3008 4920
785 391 824 452 16

284 597 447 679 Aorippom
477 598 588 659 sociem
620 599 686 658 eius
716 598 892 680 potestatis,
925 618 990 681 quo
1022 596 1196 683 defuneto
1224 600 1323 664 Tibe·

280 716 371 778 oo'om
395 715 574 779 Neronem
598 717 751 798 deleuit,
775 738 816 778 ne
838 737 1024 778 successor
1046 717 1082 778 o'o
1107 719 1245 782 iozoerto
1263 720 1320 803 fo·
1348 734 1351 739 “

280 842 340 899 ret.
388 837 447 899 Sis
474 836 662 919 prohiberi
693 858 829 919 prauos
858 836 1014 898 oliorum
1047 857 1126 918 spes
1153 839 1320 911 rebatur:

279 958 392 1020 simol
421 957 619 1020 modestiae
649 957 806 1020 Neronis
833 965 866 1020 et
889 980 975 1021 sooe
998 960 1247 1039 mooeitodini
1260 961 1320 1047 fi·

279 1079 393 1142 debet.

324 1200 409 1264 Haeo
443 1201 470 1263 si
507 1200 588 1286 apud
620 1200 718 1264 varius
750 1200 910 1286 scriptores
940 1200 1131 1284 legerentur,
1168 1199 1237 1284 quis
1273 1208 1320 1265 est

279 1321 354 1404 quin
378 1314 545 1406 congruere
568 1329 693 1406 negaret
699 1348 708 1399 3
733 1344 807 1385 num
826 1321 899 1406 quia
914 1328 1034 1415 promta
1051 1328 1124 1385 sunt
1140 1343 1177 1385 ex
1194 1320 1318 1401 eodem,

279 1438 393 1504 idcirco
417 1440 577 1504 convenire
601 1438 730 1504 dicenda
759 1439 854 1504 sunt?
900 1439 999 1503 [mmo
1025 1447 1164 1524 puguant
1192 1439 1339 1517 adversa,
1377 1517 1379 1520 Α

279 1559 388 1624 fronte.
434 1559 553 1623 Docent
587 1560 700 1643 priores
732 1559 791 1623 loci
823 1561 1001 1643 Augustum
1031 1581 1094 1623 non
1125 1558 1163 1623 de
1187 1581 1243 1624 sua
1266 1581 1316 1622 vo·

277 1675 414 1745 luntate'
436 1679 592 1746 Tiberium
628 1704 833 1746 successorem
869 1682 1039 1747 destinasse
1076 1681 1128 1746 sed
1165 1682 1317 1760 inuitum,

278 1821 408 1883 eumque
442 1801 546 1864 uxoris
581 1801 716 1865 artificiis
740 1801 983 1866 circumventum
1009 1802 1084 1865 alios
1109 1783 1222 1886 eosque
1246 1801 1313 1886 dig·

277 1920 378 1984 niores
403 1920 430 1983 ei
454 1921 673 2005 postposuisse.
704 1920 842 1986 Ultimus
862 1929 970 1986 eontra
988 1921 1075 1985 loeus
1095 1920 1229 1985 declarat
1241 1943 1311 1984 eum

276 2039 431 2107 Tiberium
452 2043 606 2125 delenisse.
637 2042 720 2107 Cur?
743 2042 832 2108 Nihil
845 2043 882 2106 de
901 2044 1006 2107 matris
1024 2042 1158 2121 artibus,
1178 2042 1257 2106 nibil
1273 2042 1312 2106 de

276 2162 468 2248 dignioribus
488 2162 601 2226 iniuria
620 2163 748 2247 spretio,
770 2163 846 2247 quin
866 2164 977 2246 deleuit
1000 2170 1035 2225 ot
1046 2184 1162 2245 pronos
1181 2163 1311 2225 oliorum

277 2283 353 2366 (sive
363 2282 548 2360 Germanici,
561 2283 624 2347 sive
638 2281 840 2357 Patriciorum
854 2281 1062 2367 quorundam)
1075 2305 1142 2365 spes
1153 2283 1311 2360 cohiberet,

275 2411 306 2467 et
336 2403 419 2489 quod
443 2402 539 2466 fidens
562 2402 647 2466 illius
671 2404 833 2466 modestiae
856 2425 990 2487 suaeque
1013 2401 1242 2486 magnitudini,
1267 2401 1312 2465 ni·

275 2522 335 2600 bil,
367 2523 439 2585 dum
474 2523 538 2606 ipse
570 2529 740 2607 praeesset,
775 2521 834 2585 sibi
861 2521 899 2585 ab
924 2544 959 2584 eo
982 2520 1185 2585 metuendum
1208 2520 1314 2605 opina·

273 2640 373 2703 batur.
420 2640 505 2720 Quae
535 2650 638 2704 autem
670 2640 800 2724 legimus
824 2639 871 2702 IV
897 2642 948 2718 57,
974 2641 1153 2724 Augustum
1176 2641 1313 2722 precibus

274 2760 377 2822 neoris
403 2761 530 2824 eristum
563 2782 624 2823 non
657 2759 875 2823 Germanicum
899 2761 952 2824 sed
977 2759 1131 2824 Tiberium
1157 2759 1215 2824 sibi
1239 2759 1314 2823 asci-

276 2880 370 2956 visse,
395 2880 637 2954 contrcversiam‘
664 2903 726 2944 non
757 2881 890 2957 tollunt,
923 2879 976 2944 sed
1009 2888 1055 2943 est
1086 2901 1165 2944 nova
1189 2879 1310 2964 opinio,

274 3000 374 3065 media
396 3000 476 3065 iuter
499 3007 670 3085 utramque.

319 3119 402 3200 Quid
435 3143 539 3185 verum
572 3120 641 3184 est?
676 3120 843 3185 Suetonius
875 3120 906 3184 in
940 3119 1007 3184 Tib.
1037 3123 1076 3184 15
1101 3120 1211 3199 refert,
1236 3119 1315 3184 Gaio

275 3248 306 3304 et
329 3240 427 3305 Lucio
452 3240 604 3304 defunctis
629 3241 712 3303 soon
731 3242 975 3324 praetermissum
991 3262 1056 3304 esse
1071 3242 1115 3303 od
1127 3242 1314 3304 maiestatem

273 3364 339 3424 etos
355 3358 494 3445 (Tiberii)
509 3364 697 3445 uouendum,
713 3384 750 3425 oe
764 3362 859 3424 moelto
875 3363 973 3444 monis
986 3369 1158 3447 postqnom,
1176 3363 1313 3444 Aerippo

271 3481 410 3544 abdicato
444 3489 535 3566 otqoe
565 3483 710 3561 seposito,
741 3490 851 3545 eertum
883 3490 969 3555 erat,
987 3483 1042 3544 osas·
1064 3481 1210 3564 (Tiberio)
1230 3504 1311 3565 spem

271 3606 465 3668 soeeeesss‘ons‘s
484 3605 668 3676 ioerombere‚·
682 3604 713 3668 in
731 3602 797 3668 Cal.
815 3607 836 3666 4
853 3603 960 3667 scribit
975 3603 1117 3688 quidem,
1132 3605 1309 3686 Augustum

271 3724 325 3789 diu
346 3731 524 3789 cunctatum
551 3747 615 3789 esse
640 3746 677 3788 an
699 3724 912 3787 Germanicum
936 3743 1140 3786 successorem
1163 3721 1222 3785 sibi
1241 3720 1310 3784 des-

268 3847 398 3924 tinaret,
432 3868 537 3909 verum
562 3844 641 3908 nihil
664 3844 750 3908 novit
774 3843 812 3906 de
836 3843 953 3908 artibus
978 3841 1026 3906 vel
1050 3841 1167 3906 ambitu
1190 3840 1307 3905 Liviae.

267 3965 331 4031 Scit
365 3989 454 4045 sane,
485 3965 554 4030 Tib.
587 3969 647 4044 21,
676 3967 765 4046 rosolqo
787 3986 964 4048 persuasum
983 3963 1105 4048 foisse,
1129 3963 1307 4047 Augustum

267 4094 470 4172 eopoqnotoor
499 4086 636 4169 precibus
658 4087 762 4148 neoris
785 4085 973 4167 adoptionem
996 4103 1053 4144 non
1078 4083 1233 4156 obnooisse,
1256 4083 1309 4144 vel

268 4207 360 4270 etiam
382 4205 545 4269 sorbitione
566 4213 712 4281 tractam,
731 4211 765 4266 ot
787 4204 848 4266 toli
866 4224 1031 4266 antecessore
1048 4202 1113 4284 ipse
1132 4201 1306 4285 quandoque
