3008 4920
736 413 778 472 36

239 617 321 694 rino,
355 639 447 701 quam
477 618 509 680 in
536 617 591 680 tali
623 617 800 700 quaestione
829 615 910 699 apud
942 615 1093 678 rhetorem
1125 636 1188 677 non
1218 616 1273 678 im·

239 736 420 821 proba-mus,
452 759 486 798 ea
516 735 574 799 hoc
605 736 672 799 loco
696 735 775 799 nihil
798 734 836 797 ad
863 756 926 797 rem
951 743 981 797 et
1004 734 1270 797 vehementissime

239 854 407 930 claudicat,
432 855 545 918 etenim
568 877 606 917 ne
630 853 840 918 credulissimo
865 852 987 936 quidem
1013 852 1139 916 heroum
1159 852 1271 916 cultori

238 976 403 1057 quicquam
427 974 553 1058 probat,
578 975 722 1056 qnoniam
747 973 785 1037 iis
812 995 873 1036 non
898 973 1090 1049 viventibus,
1115 983 1168 1035 aut
1191 973 1271 1056 ipso·

238 1119 305 1159 rum
340 1098 506 1180 permissu,
539 1097 592 1160 sed
623 1097 753 1160 mortuis
777 1095 901 1158 demum
924 1094 1020 1157 divini
1042 1093 1174 1156 honores
1198 1100 1271 1156 sunt

236 1214 356 1279 tributi.
390 1216 501 1293 Porro,
534 1216 588 1298 qui
622 1215 781 1279 contendit
804 1216 983 1298 Augustum
1005 1213 1054 1276 sui
1077 1211 1196 1275 cultum
1220 1211 1271 1274 ad·

237 1333 371 1408 misisse,
396 1355 458 1396 non
482 1333 520 1397 de
544 1333 659 1410 causis,
684 1355 763 1416 qnae
779 1333 941 1409 dicuntur,
958 1332 1109 1416 politicis,
1127 1331 1179 1395 sed
1197 1334 1270 1416 qnia

235 1452 412 1534 sperauerit,
444 1452 509 1514 scil.
542 1474 573 1514 se
604 1452 659 1515 tali
691 1451 798 1514 decore
829 1450 995 1535 aliquando
1026 1451 1089 1513 fore
1121 1451 1267 1534 dignum,

237 1573 263 1634 is
287 1572 371 1636 illius
395 1573 530 1637 indolem
553 1595 661 1657 parum
678 1573 841 1656 perspexit.
877 1572 1037 1656 Denique,
1054 1571 1141 1634 iuxta
1156 1593 1268 1655 ponae,

237 1711 365 1772 quaeso,
383 1696 562 1773 argumenta
578 1689 692 1765 ethica,
710 1711 788 1773 quae
803 1688 943 1752 'liberius
960 1690 991 1752 in
1008 1690 1159 1766 oratione,
1174 1696 1266 1771 atque

236 1829 271 1869 ea
300 1829 377 1890 quae
406 1811 522 1893 quidum
545 1808 606 1884 illi,
632 1808 744 1891 quibus
768 1809 898 1891 scriptor
919 1808 1138 1891 patrocinatur,
1164 1815 1268 1890 protu-

234 1924 338 1989 lerunt
360 1927 516 2009 (contemtu
530 1928 639 2013 famae
662 1927 782 1989 virtuter
804 1927 965 2009 contemne),
990 1933 1020 1989 et
1043 1920 1146 1989 iideas
1166 1926 1266 1989 utrius

236 2047 404 2109 sententiae
427 2046 534 2109 morali
558 2046 660 2130 palma
686 2045 850 2109 tribuenda
874 2046 923 2108 sit.
964 2044 1007 2108 Ni
1031 2045 1120 2108 fallor
1143 2044 1268 2108 Tiberii.

237 2166 338 2251 Igitur
361 2167 518 2230 conclusio
541 2167 643 2231 denuo
667 2167 742 2231 haee
765 2168 806 2231 sit
821 2190 943 2231 necesse
959 2174 1021 2230 est:
1043 2167 1168 2230 Tacitus
1184 2189 1269 2251 prae·

235 2284 350 2349 iudicio
381 2293 488 2370 captus
518 2287 555 2349 de
587 2287 741 2350 constanti
765 2286 911 2371 principis
936 2287 1151 2370 perversitate,
1176 2287 1267 2349 etiam

233 2411 314 2467 recte
338 2403 462 2467 facienti
486 2405 513 2466 ei
537 2404 666 2481 diffidit3
691 2412 721 2468 et
744 2407 848 2488 potius
871 2427 963 2489 quam
986 2405 1107 2482 laudat,
1132 2413 1185 2468 aut
1204 2427 1266 2468 rem

233 2521 356 2585 silentio
380 2524 543 2607 praeterit,
568 2546 600 2586 se
623 2524 693 2607 ipse·
712 2545 746 2586 ac
769 2524 913 2587 lectorem
937 2523 1050 2608 decipit
1067 2524 1265 2598 ratiunculis,

234 2663 313 2725 quae
336 2642 452 2705 nemini
475 2664 537 2705 non
561 2643 748 2706 examinanti
770 2643 877 2706 inanes
900 2643 997 2706 videri
1021 2642 1160 2706 debeant.

277 2761 431 2842 Quoniam
456 2785 526 2826 vero
550 2762 641 2825 modo
662 2763 740 2826 hanc
757 2764 966 2845 quaestionem
982 2763 1086 2847 tetigi,
1104 2762 1264 2826 subiiciam

233 2882 388 2965 exempla,
420 2904 499 2965 quae
525 2888 681 2945 testantur
703 2881 859 2946 Tiberium
884 2883 1018 2945 cuiusvis
1041 2882 1172 2945 honores
1196 2883 1279 2965 assi·-

232 2999 294 3062 duo
326 3009 523 3084 aspernatum
554 3022 635 3076 esse,
671 3000 765 3083 idque
796 3000 900 3062 addito
931 3000 1113 3084 plerumque
1144 3000 1265 3064 solenni

232 3118 364 3202 quadam
388 3119 556 3194 sententia,
582 3123 617 3181 ut
641 3126 705 3181 erat
727 3119 850 3202 ingenio
874 3117 1094 3182 meditabundo
1117 3125 1147 3181 et
1166 3119 1266 3182 rheto-

232 3239 312 3300 ricae
344 3238 417 3300 artis
448 3237 691 3301 studiosissimus
722 3237 831 3301 cultor.
866 3237 883 3299 Ι
908 3240 967 3302 ta:
997 3237 1130 3301 Recusat
1153 3260 1265 3301 nomen

232 3357 328 3440 patris
352 3357 467 3440 patriae
490 3378 589 3439 neque
613 3357 645 3420 in
669 3363 736 3420 acta
759 3379 815 3419 sua
830 3357 926 3420 iurari
947 3357 1035 3432 sivit,
1051 3365 1177 3432 „cuncta
1193 3378 1265 3420 mor·

231 3476 334 3540 tadum
351 3476 477 3554 incerte,
490 3477 733 3560 quantaqueplue
749 3479 871 3557 adeptus
877 3477 975 3562 foret,
992 3482 1074 3538 tauto
1089 3498 1119 3539 ae
1131 3478 1222 3556 mepta
1233 3476 1263 3538 iu

230 3595 365 3659 luber'00”
385 3598 534 3660 dictitans.
567 3594 681 3659 Sensus
705 3594 814 3657 horum
835 3595 996 3659 verborum
1016 3616 1140 3679 prorsus
1156 3593 1265 3656 similis

232 3722 278 3777 est
297 3735 414 3791 eorum,
433 3736 511 3798 quae
530 3712 622 3777 modo
638 3713 790 3796 adscripta
807 3711 949 3797 dictaque
966 3720 1040 3776 sunt
1057 3712 1160 3776 decem
1178 3711 1266 3774 annis

233 3845 312 3918 post.
346 3832 425 3897 Tum
448 3832 483 3895 ΙΙ
507 3836 568 3898 87:
590 3833 693 3916 Neque
708 3839 803 3895 tamea
819 3833 852 3895 ob
872 3855 907 3895 eu
919 3831 1092 3913 porentia
1108 3831 1266 3912 patriae

231 3957 355 4018 delatum
378 3963 406 4018 et
428 3960 515 4018 cutm
541 3954 707 4018 uocabulum
734 3956 911 4035 adsumpsit,
940 3954 1094 4036 crudeque
1119 3951 1266 4033 increpuit

231 4093 294 4147 eoa,
319 4073 370 4155 qui
392 4072 541 4135 diuinae
563 4073 819 4154 occupationes
845 4072 995 4154 aprumque
1020 4072 1162 4134 minum
1185 4071 1264 4133 diee-

230 4198 308 4254 rcut.
354 4190 489 4256 11147:
514 4192 672 4255 Decrevere
691 4198 796 4273 patrer
819 4198 885 4254 uota
904 4212 964 4271 pro
986 4191 1082 4253 reditu
1110 4189 1174 4250 eiua
1196 4209 1264 4268 eup-
