3008 4920
731 430 772 491 31

232 635 488 719 crederenturque
513 658 530 698 a
553 636 726 713 nonnullis,
752 635 890 719 exemplo
910 641 956 699 cst
980 635 1039 698 Dio
1063 634 1186 698 Cassius
1208 637 1266 712 58,

235 759 291 834 13,
323 756 377 839 qui
406 755 476 819 ideo
509 756 670 841 plerosque
700 757 731 820 in
766 778 892 820 munere
921 756 1114 819 consenuisse
1142 754 1266 830 scribit,
1292 800 1295 808 ·

233 876 306 959 quia
328 897 516 939 successores
533 884 658 960 propter
674 876 780 940 caedes
797 876 941 940 nimirum
959 876 1144 953 defuissent,
1160 875 1266 957 anapia

232 1003 288 1060 τῶν
320 996 553 1076 διαδεχομένωνς
589 996 765 1060 istiusmodi
800 1004 938 1081 apertum
972 996 1166 1061 mendacium
1201 997 1267 1080 ipse

232 1115 356 1178 Tacitus
392 1116 678 1179 commemoratione
718 1114 845 1199 dignum
881 1136 942 1197 non
978 1116 1115 1192 censuit,
1144 1123 1268 1178 ‘memor

233 1256 336 1297 eorum
361 1256 439 1318 quae
463 1233 625 1297 attulimus
647 1258 663 1297 e
689 1233 735 1297 IV
761 1236 797 1296 6:
822 1256 972 1313 corporum
992 1236 1124 1307 uerbera,
1141 1235 1267 1297 ademti—

153 1420 155 1425 λ
232 1374 303 1416 anea
326 1355 463 1416 bonoram
488 1355 620 1416 aberant.
661 1352 706 1418 Of.
730 1351 777 1416 IV
804 1355 852 1417 ll.

280 1587 356 1672 (lap.
383 1590 433 1654 81.
468 1587 576 1652 Tradit
594 1587 751 1652 Tiberium
769 1587 909 1651 consules
925 1610 1004 1665 non,
1026 1596 1062 1651 ut
1078 1589 1272 1672 Augustum,

241 1707 341 1791 ipsum
368 1706 561 1792 designasse,
586 1707 639 1771 sed
663 1730 717 1793 per
740 1708 863 1771 comitia
880 1707 1026 1771 creandos
1042 1730 1163 1784 curasse
1179 1731 1274 1792 eaque

237 1826 269 1889 in
297 1849 329 1890 re
358 1846 427 1889 cum
457 1849 529 1890 cura
557 1835 707 1890 versatum
734 1849 808 1891 esse.
855 1825 900 1890 tte
923 1837 1045 1891 narrata
1074 1827 1184 1892 adicit:
1209 1851 1275 1908 aaa·

152 1954 154 1957 ’
237 1945 321 2008 cioca
346 1947 444 2009 cerdis
467 1968 501 2009 re
522 1947 631 2009 inania
653 1955 707 2009 aat
731 1947 836 2009 artbdol
858 1994 865 2010 .
913 1946 1040 2010 Fuerint
1062 1947 1137 2011 haec
1152 1949 1274 2025 inania,

242 2063 294 2128 sed
318 2066 460 2150 princeps
483 2065 669 2150 reipublicae
692 2065 836 2129 instituta
860 2065 1035 2141 vindicans,
1059 2073 1117 2128 aut'
1135 2066 1166 2128 in
1184 2087 1274 2128 usum

240 2208 399 2264 revocans,
423 2187 562 2264 laudem,
586 2210 648 2250 uon
672 2187 828 2270 obliquam
853 2186 1116 2270 reprehensionem
1135 2194 1198 2249 erat
1214 2208 1276 2249 me·

243 2306 340 2385 ritus3
374 2330 408 2371 ac
437 2309 561 2370 modom
589 2331 650 2371 non
676 2315 772 2372 erant.
820 2305 883 2370 Cur
907 2306 979 2376 dolo
1003 2313 1034 2369 et
1057 2329 1110 2391 per
1133 2306 1275 2390 ambages

247 2430 386 2492 affectare
417 2429 564 2492 voluisset
596 2429 678 2514 quod
711 2431 805 2513 patris
837 2430 1009 2514 exemplum
1032 2429 1170 2492 imitatus
1194 2428 1276 2492 ultro

207 2631 210 2636 Ι
242 2549 362 2632 assequi
388 2548 549 2634 potuerat?

289 2783 358 2849 Lib.
387 2784 431 2849 ΙΙ.
465 2784 539 2870 Cap.
569 2788 621 2848 52.
669 2784 767 2848 Victis
798 2783 944 2848 Numidis
972 2807 990 2847 a
1016 2734 1110 2847 Turio
1144 2783 1274 2848 Camillo

248 2905 358 2967 multos
381 2913 453 2987 post
482 2927 576 2966 annae
608 2905 705 2966 Faria
735 2904 848 2966 nomini
872 2912 993 2984 parterm
1016 2913 1061 2965 eat
1084 2905 1173 2966 decas
1195 2904 1278 2966 ma‘la‘·

245 3025 308 3087 tiae
331 3060 377 3072 -
399 3026 447 3086 m
481 3025 601 3108 pressior
640 3026 775 3088 Tiberias
808 3047 855 3087 rea
881 3031 984 3106 aestas
1017 3027 1103 3108 apud
1135 3026 1276 3087 Senatum

245 3145 427 3207 celebravit:
451 3152 480 3208 at
504 3147 655 3233 decreuere
675 3146 788 3208 Patres
803 3147 1004 3231 triumphalia
1019 3147 1167 3228 iaarbaia,
1184 3149 1280 3230 qaod

248 3263 411 3326 Camilla
438 3264 476 3326 ab
504 3265 722 3327 modestiam
746 3267 848 3328 nita-e
870 3267 1130 3348 impaaefait.
1164 3264 1280 3328 Invidi·

246 3365 387 3444 dsissima
418 3381 574 3460 clausula,
607 3405 685 3466 quae
715 3382 822 3446 lectori
853 3382 1088 3467 intelligendum
1114 3384 1278 3466 relinquit,

243 3499 402 3564 Tiberium
427 3500 520 3584 vulgo
544 3501 690 3566 invidisse
714 3501 898 3579 honoribus,
924 3524 1001 3586 quos
1024 3502 1088 3587 ipse
1112 3524 1166 3587 per
1188 3501 1279 3566 Sena·

246 3627 310 3684 tum
335 3621 505 3699 tribuerat,
531 3622 640 3685 ethos
665 3622 846 3706 plerumque
861 3621 899 3684 iis
923 3621 976 3704 qui
992 3629 1171 3706 acceperant
1186 3623 1279 3685 exitio

244 3739 348 3805 fuisse.
385 3741 532 3805 Attamen
556 3741 635 3804 nihil
659 3741 756 3825 magis
780 3763 797 3803 a
820 3741 946 3804 veritate
962 3750 1110 3805 remotum
1128 3749 1183 3805 est.
1215 3741 1279 3805 Tri-

193 3902 196 3909 ·
245 3859 352 3924 butum
378 3871 424 3924 est
451 3861 528 3925 illud
549 3862 642 3926 decus
666 3870 785 3947 praeter
810 3861 992 3940 Camillum,
1018 3871 1169 3948 quantum
1192 3886 1278 3950 repe-

244 3983 304 4046 rire
329 3985 434 4067 potui,
460 3985 498 4048 A.
523 3983 686 4064 Caecinae,
710 3985 747 4050 L.
776 3987 928 4070 Apronio,
945 3985 981 4050 Ο.
997 3986 1073 4050 Silio
1089 3987 1128 4050 ob
1145 4011 1191 4050 res
1208 4009 1277 4050 cum

236 4083 429 4167 ‘Germanico
452 4113 551 4186 gestas
576 4105 593 4167 Ι
618 4107 677 4182 ta,
702 4104 758 4169 Cn.
783 4104 937 4182 Lentulo,
960 4105 996 4170 L.
1017 4105 1154 4170 Domitio
1170 4105 1216 4169 IV
1234 4109 1276 4169 44

247 4230 277 4285 et
300 4219 335 4285 Ρ.
359 4222 473 4286 Sabino
497 4223 543 4286 IV
567 4226 620 4288 46.
657 4224 715 4288 His
739 4224 881 4288 omnibus
904 4225 1030 4310 impune
1053 4226 1113 4289 fuit
1139 4227 1200 4289 uisi
1221 4227 1276 4291 uui
