3008 4920
738 426 779 487 35

241 624 324 686 bonis
361 625 618 687 recordationibus
642 625 739 710 facta
769 632 859 708 atque
885 626 1009 711 samam
1048 625 1179 688 nominis
1212 629 1271 689 mei

235 752 467 826 prosequantur.
514 743 624 826 itaque
657 743 810 808 recusavit
843 743 992 828 templum
1025 746 1274 830 perstititque

238 862 395 939 poetice
416 862 578 925 secretis
601 863 715 923 etiam
742 861 969 924 aermonnibne
994 863 1198 941 capernari
1221 869 1274 924 ta-

242 980 309 1042 tem
332 983 392 1042 aui
414 981 560 1043 cultam.
606 979 650 1043 Re
673 987 795 1042 narrata
818 978 941 1042 Tacitus
965 1001 1028 1042 non
1051 1001 1124 1056 suo,
1146 979 1216 1056 sed,
1233 987 1270 1043 ut

240 1097 317 1162 solet
340 1099 372 1162 in
394 1120 427 1162 re
450 1098 544 1163 dubia
566 1098 639 1181 (vid.
664 1122 694 1187 p.
720 1101 779 1175 28,
804 1100 876 1182 33),
901 1098 1031 1162 aliorum
1055 1099 1177 1162 nomine
1201 1120 1270 1161 cau·

240 1239 287 1280 sas
319 1218 452 1302 profert,
485 1240 539 1288 cur
561 1217 703 1282 Tiberius
726 1218 769 1282 sic
793 1219 891 1302 egisse
915 1218 1075 1282 videatur:
1104 1221 1190 1287 Quot
1211 1218 1271 1280 alii

240 1339 471 1414 modestiam,
502 1339 610 1415 multi,
642 1339 731 1422 qaia
763 1338 970 1424 diffideret
1003 1342 1058 1421 (sc.
1091 1360 1166 1401 uum
1197 1360 1273 1401 sem·

241 1479 294 1540 per
321 1457 435 1542 dignus
463 1458 518 1522 illo
551 1458 666 1522 honore
697 1457 880 1543 videretur),
911 1459 1034 1542 quidam
1059 1464 1100 1520 ut
1125 1458 1273 1539 depene-

240 1578 295 1639 ria
324 1579 443 1641 animi
472 1579 768 1661 interpretabantur:
800 1586 933 1658 optumae
962 1578 1072 1661 quippe
1099 1578 1270 1640 mortalium

240 1695 392 1758 altissima
415 1719 539 1776 cupere:
560 1697 604 1761 eie
627 1696 789 1759 Herculem
811 1703 840 1758 et
863 1687 1002 1758 Liberum
1018 1698 1104 1779 apud
1126 1701 1272 1773 Graecae,

243 1815 400 1881 Quirinum
431 1817 516 1897 apurt
543 1836 595 1877 noe
626 1816 713 1876 deum
741 1836 860 1877 numero
887 1815 1017 1878 additae.
1063 1815 1182 1877 Melias
1208 1789 1272 1877 Aa·

238 1943 371 2017 paetum,
395 1936 448 2020 qui
470 1937 644 2015 sperauerit.
671 1937 775 1999 Cetera
798 1937 986 2019 principibus
1012 1938 1116 1999 atatim
1144 1938 1269 2010 adeeae;

239 2074 331 2115 anam
361 2054 582 2115 ineatiatiiiter
609 2056 781 2136 parantum
793 2076 803 2127 ,·
824 2055 1071 2133 praeparamini
1094 2056 1270 2118 memoriam.

239 2170 322 2233 Nam
344 2179 490 2235 contemta
503 2172 617 2257 famae
640 2173 787 2235 contemni
805 2172 942 2235 uirtutes.
978 2172 1060 2256 Ergo
1083 2179 1145 2236 tres
1161 2195 1271 2236 causae

239 2290 453 2374 proferuntur:
475 2291 572 2373 prima
594 2291 776 2368 laudabilis,
795 2290 890 2354 altera
904 2313 967 2355 non
982 2291 1162 2369 inhonesta,
1179 2292 1271 2355 tertia

237 2411 346 2494 turpis.
392 2410 518 2474 Tacitus
548 2412 581 2473 iu
611 2433 644 2474 re
675 2410 818 2494 ambigua
849 2410 925 2493 quid
955 2411 1021 2495 ipse
1048 2412 1176 2489 sentiat,
1206 2434 1268 2475 non

238 2529 352 2613 aperit3
376 2536 528 2607 attamen,
554 2529 739 2614 quibuscum
763 2529 871 2606 faciat,
897 2552 984 2606 eum,
1002 2530 1057 2613 qui
1072 2529 1188 2593 Tacitsi
1205 2529 1269 2593 stili

235 2671 351 2733 gnarus
380 2657 443 2727 est,
475 2672 537 2713 non
561 2650 646 2714 latet.
672 2649 795 2713 Etenim
819 2642 1037 2713 laudabiliores
1061 2672 1185 2728 causas,
1210 2673 1266 2712 mo·

237 2770 365 2831 dentiam
385 2776 416 2831 et
439 2772 512 2854 quia
533 2771 700 2854 diffideret,
721 2791 783 2832 uno
799 2775 921 2832 tantum
936 2769 1028 2833 verbo
1044 2770 1266 2847 communicat,

238 2886 314 2951 adeo
343 2895 380 2950 ut
410 2887 448 2951 ad
472 2887 526 2951 has
550 2889 600 2952 vix
620 2888 778 2963 attendas;
802 2887 982 2951 deteriorem
1005 2895 1112 2952 contra
1134 2888 1268 2972 explicat
1300 2930 1302 2933 ·
1389 2957 1394 2969 ,

234 3011 298 3068 tam
321 3005 460 3088 copiose,
485 3013 521 3069 ut
541 3005 644 3089 ipsum
668 3007 776 3069 ceteris
800 3005 880 3069 hanc
902 3006 993 3090 longe
1016 3006 1167 3090 praeferre
1190 3006 1267 3070 mul·
1303 3080 1305 3083 ¹

234 3130 330 3204 toque
353 3122 424 3207 plus
442 3124 586 3208 ponderis
610 3124 682 3189 huic
702 3124 838 3188 tribuere
854 3131 1007 3209 appareat.
1032 3126 1075 3188 At
1092 3125 1266 3188 cuiusmodi

232 3241 407 3306 rationibus
430 3243 563 3307 deterior
585 3243 640 3306 illa
663 3242 826 3327 explicatio
851 3243 1097 3327 superstruitur?
1131 3242 1267 3327 Respon-

231 3358 302 3424 derc
332 3383 395 3424 non
430 3361 557 3426 dubito:
586 3362 717 3446 ineptis,
731 3416 734 3421 .
750 3368 842 3444 atque
865 3361 1016 3445 indignis,
1041 3383 1117 3445 quas
1141 3361 1265 3426 Tacitus

230 3487 499 3557 commemoraret,
523 3503 562 3543 ue
586 3479 685 3544 dicam
709 3478 861 3564 probaret.
900 3477 1003 3558 Quid,
1028 3500 1158 3562 quaeso,
1182 3502 1265 3543 recu·

230 3597 309 3660 satio
332 3598 429 3662 divini
452 3599 555 3663 cultus
579 3622 633 3684 per
656 3601 767 3678 vitam,
793 3599 869 3683 quid
892 3622 1052 3664 commuue
1075 3600 1168 3664 habet
1192 3622 1262 3663 cum

231 3718 332 3780 animo
356 3718 523 3803 degeneri?
552 3727 606 3784 aut
632 3721 705 3804 haec
729 3721 791 3785 duo
816 3721 942 3786 adversa
964 3722 1064 3786 fronte
1088 3721 1146 3786 sibi
1170 3743 1263 3806 oppo-

230 3835 333 3900 nenda
356 3845 445 3915 suut,
471 3845 542 3916 aut,
566 3839 686 3916 hercle,
711 3839 863 3904 efferenda
889 3848 935 3905 est
961 3841 1085 3905 illorum
1108 3842 1264 3925 magnani-

233 3954 343 4031 mitas,
367 3956 421 4040 qui
444 3979 516 4040 prae
539 3957 665 4040 reliquis
692 3958 811 4021 divinos
839 3958 969 4022 honores
994 3958 1183 4035 ambierunt,
1207 3957 1263 4021 Oa-

233 4072 349 4156 ligulae
385 4096 511 4159 nempe,
547 4074 691 4153 Claudii,
727 4075 879 4154 Neronis,
914 4077 1115 4162 aliorumque.
1167 4075 1261 4156 Quod

232 4197 333 4254 autem
359 4192 470 4255 attinet
493 4193 748 4277 comparationem
772 4216 841 4257 cum
865 4193 1015 4273 Hercule,
1039 4194 1168 4272 Libero,
1185 4193 1261 4274 Qui·

1105 4313 1143 4372 gn
