3008 4920
742 420 784 480 38

294 625 444 690 Libonem
473 626 611 689 Drusum
635 650 651 689 e
674 626 791 690 familia
813 616 1045 703 Sbiboniorum,
1068 626 1210 690 iuvenem
1233 625 1285 688 a'rn-

248 745 406 830 pronr'dem
428 751 457 808 et
470 746 617 830 facilen
641 743 774 809 Firmius
798 744 875 809 Cato
898 744 1041 822 Senator,
1066 745 1194 809 intimus
1218 745 1283 809 eins

251 865 368 928 amicus
390 863 618 947 libidinumque
642 872 671 928 et
695 865 835 928 luxuriae
858 865 960 928 socius
984 864 1022 927 ad
1046 887 1093 928 res
1117 886 1210 927 noves
1227 863 1285 926 sol·

249 983 358 1047 licitat.
393 981 489 1060 Libo,
515 974 772 1066 affinis'Augusto
796 1004 850 1066 per
873 982 998 1046 amitam
1021 980 1229 1058 Scriboniam,
1247 1002 1283 1045 eo

250 1098 414 1162 adducitur
443 1106 479 1162 ut
509 1122 563 1183 per
595 1121 700 1183 magos
731 1100 835 1163 futura
865 1106 1012 1185 temptet,
1045 1122 1129 1183 spem
1160 1099 1281 1182 imperii

250 1217 412 1301 concipiat.
460 1217 538 1281 Tum
568 1217 701 1282 Firmius
731 1218 850 1282 aditum
875 1217 912 1281 ad
936 1217 1104 1301 principem
1129 1217 1283 1300 postulat,

250 1344 285 1400 nt
309 1336 381 1399 hnic
402 1335 530 1400 Libonis
546 1337 674 1401 crimina
689 1337 887 1401 demonstret.
924 1335 1009 1416 Quid
1026 1335 1188 1421 princeps?
1212 1335 1285 1399 Adi·

248 1462 316 1518 tum
346 1478 409 1520 nou
441 1456 580 1520 concedit
611 1479 667 1520 uec
697 1456 848 1521 Libonem
871 1457 952 1520 inter
974 1442 1041 1519 reos
1064 1455 1158 1539 recipi
1181 1454 1282 1531 iubet,

245 1569 342 1639 immo
366 1583 454 1639 ornat
478 1598 549 1640 enm
566 1584 726 1667 praetura,
744 1585 775 1640 et
790 1575 981 1640 convictibus
998 1574 1134 1638 adhibet.
1168 1572 1282 1636 Verum

247 1694 327 1759 Libo
355 1717 373 1758 a
401 1696 562 1760 conatibus
592 1717 655 1760 non
684 1696 806 1759 desistit
835 1702 865 1758 et
896 1701 965 1779 post
998 1716 1112 1758 annum
1144 1715 1162 1756 a
1191 1693 1283 1756 Iunio

249 1815 382 1898 quodam
414 1837 504 1899 mago
535 1816 612 1897 petit
644 1822 681 1879 nt
710 1815 844 1879 infernas
871 1813 994 1878 umbras
1021 1812 1207 1877 carminibus
1232 1811 1285 1874 eli·

249 1931 319 1994 ciat.
355 1931 467 1994 Iunius
495 1953 559 1996 ram
591 1931 690 1995 defert
712 1931 854 1995 Fulcinio
877 1931 983 1995 Trioni
1007 1932 1140 1994 senatori
1162 1929 1283 1993 notissi-

249 2072 361 2135 moque
384 2073 545 2114 cansarum
569 2058 714 2134 patron03
740 2051 790 2115 hic
812 2051 915 2114 statim
940 2050 1065 2133 corripit
1080 2071 1183 2126 reum,
1200 2048 1281 2126 adit,

203 2148 205 2152 Ι
249 2193 310 2234 non
334 2171 518 2255 principem,
544 2170 596 2235 sed
621 2171 776 2248 consules,
801 2171 1008 2254 cognitionem
1025 2169 1155 2234 Senatus
1171 2169 1280 2253 poscit.

249 2287 498 2372 Redintegratam
523 2289 749 2353 accusationem
772 2289 913 2353 Tiberius
935 2310 999 2352 non
1022 2288 1144 2372 repellit
1151 2314 1161 2366 ;
1186 2289 1284 2372 profe·

248 2414 361 2471 rnntur
384 2407 500 2484 libelli,
524 2430 602 2491 quos
624 2408 677 2472 ille
700 2409 808 2472 recitat
830 2409 863 2472 in
886 2415 992 2472 senatu
1015 2409 1060 2471 ita
1082 2411 1233 2472 moderans
1248 2430 1285 2472 ne
1348 2389 1349 2393 Ἰ

248 2527 340 2591 lenire
362 2548 432 2590 nere
453 2549 592 2611 asperare
614 2528 737 2591 mnino
761 2529 915 2592 rideretur.
940 2549 966 2592 o.
982 2509 1038 2592 29.
1057 2527 1199 2612 Negante
1214 2550 1282 2603 reo,

248 2668 311 2709 non
341 2655 541 2730 agnoscentes
572 2671 674 2712 servos
698 2671 752 2732 per
774 2656 927 2713 tormenta
949 2649 1132 2732 interrogari
1155 2648 1281 2732 placuit.

250 2764 290 2828 Et
315 2765 388 2849 qnia
411 2773 512 2830 vetere
536 2768 803 2831 senatusconsulto
828 2768 967 2852 quaestio
990 2767 1023 2830 in
1048 2774 1141 2851 caput
1164 2766 1283 2856 domiui

250 2885 485 2968 prohibebatur,
517 2886 657 2951 Tiberius
685 2887 825 2971 singulos
849 2887 943 2951 actori
968 2886 1093 2971 publico
1116 2887 1283 2970 mancipari

250 3001 337 3065 iubet
370 3009 404 3065 ut
435 3003 467 3066 in
493 3001 643 3067 Libonem
675 3026 712 3067 ex
744 3005 837 3068 servis
869 3004 952 3067 salvo
976 3004 1047 3068 Scto
1076 3011 1307 3088 quaereretur.'

250 3120 330 3185 Tum
361 3143 431 3185 reus
464 3123 541 3206 petit
564 3131 719 3207 posterum
744 3124 840 3200 diem,
864 3123 917 3187 sed
940 3124 1116 3208 insequenti
1138 3131 1228 3187 nocte
1250 3124 1283 3187 in

251 3238 389 3322 gladium
412 3240 573 3305 incumbit.
610 3242 776 3305 Accusatio
800 3248 902 3305 tamen
926 3241 1008 3326 apud
1032 3241 1138 3305 Patres
1162 3249 1284 3325 peracta

248 3364 315 3453 est3
339 3358 513 3441 iuravitque
537 3353 677 3424 Tiberina
701 3361 870 3445 petiturum
894 3383 926 3424 se
949 3362 1042 3425 vitam
1066 3361 1159 3424 fuisse
1179 3344 1302 3445 quam-¹

250 3477 296 3540 vis
331 3479 471 3556 nocenti,
506 3479 569 3542 nisi
603 3480 808 3544 voluntariam
842 3488 970 3544 mortam
1006 3479 1237 3567 properavisset.
1256 3481 1282 3564 ¹)

250 3593 338 3658 Boua
371 3595 451 3659 iuter
485 3604 676 3661 accusatores
711 3597 912 3675 dividuntur,
949 3621 1046 3683 quum
1080 3621 1136 3663 nec
1170 3599 1283 3663 liberos

286 3904 310 3963 l)
336 3902 396 3951 Plus
417 3902 492 3951 semel
518 3902 619 3952 crimine
644 3904 769 3954 convictor
793 3905 904 3968 impunes
931 3904 1041 3963 demisit,
1062 3920 1194 3968 poenamve
1219 3905 1282 3954 lova-

252 4000 305 4058 vit,
322 3999 401 4049 botua
422 4000 479 4049 inde
499 4002 606 4064 prudens
627 4002 767 4051 moderandi
786 4003 921 4066 adproprias
937 4003 976 4051 r'ra
993 4018 1039 4050 non
1055 4002 1224 4064 impelleretur.
1242 4002 1281 4050 111

253 4095 297 4153 24,
316 4095 362 4154 oo;
380 4095 415 4143 IV
433 4096 479 4153 30,
497 4095 538 4147 81.
572 4096 609 4144 Ne
631 4097 720 4163 inquiri
743 4096 838 4164 quidem
861 4098 939 4147 voluit
955 4098 979 4146 iu
998 4097 1075 4149 socios
1095 4096 1283 4164 Pseudo-Agrip·

252 4207 296 4259 pao
314 4192 398 4244 1140.
1134 4205 1138 4214 '
