3008 4920
727 433 767 494 67

234 640 410 704 cotuuitoto
433 642 636 713 solvebantur,
658 643 797 703 admotos
812 634 942 712 boetius,
958 639 1156 723 sacrificabam
1174 661 1268 722 appo·

233 768 351 833 ratum,
371 761 486 842 festam
510 761 755 824 Antiochensium
768 760 884 843 pbcbern
897 782 951 839 per
968 760 1087 822 lictores
1097 761 1268 842 proturbat.

233 900 259 943 c.
286 883 337 943 69.
360 897 364 905 “
385 879 477 944 Brevi
507 889 576 965 post
612 880 815 944 Germanicus
845 880 956 942 iterum
989 880 1019 942 in
1053 877 1192 942 morbum
1225 878 1270 941 in·

233 998 323 1075 cidit,
356 999 445 1061 cuins
477 1021 595 1061 soonam
627 1001 687 1061 niu
719 1000 847 1080 oupebut
875 985 1071 1080 persuasio
1099 997 1228 1060 ocusui
1250 1019 1269 1058 a

235 1118 372 1181 Pisone
392 1120 552 1202 accepti,
578 1118 823 1214 quocirca-huic¹
840 1140 894 1202 per
917 1117 1077 1202 epistolam
1103 1117 1266 1180 amicitiam
1286 1190 1288 1196 ἲ

232 1237 397 1301 renuntiat.
445 1236 681 1320 Ingravescente
703 1235 810 1300 morbo
834 1243 982 1300 convocat
1005 1237 1118 1299 amicos
1143 1243 1174 1299 et
1193 1258 1270 1300 uxo-

235 1379 314 1434 rem,
340 1357 453 1441 quibus
486 1356 545 1420 alia
575 1357 675 1441 palam
709 1356 851 1433 mandat,
875 1357 943 1419 otia
970 1364 1096 1429 secreto,
1114 1378 1171 1439 per
1193 1379 1269 1440 quas

234 1480 428 1540 ostendere
455 1477 671 1540 credebatur
696 1483 823 1539 metune
846 1498 888 1538 eu
915 1476 1074 1539 Tiberio.
1117 1475 1269 1559 Deinceps
1303 1557 1305 1559 ‚

234 1597 372 1661 moritur.
398 1619 425 1661 c.
452 1599 491 1662 71
517 1619 562 1679 sq.
587 1632 632 1647 --
655 1595 690 1659 0.
717 1598 776 1660 73:
810 1595 938 1658 cadaver
963 1595 1116 1659 nudatum
1148 1596 1270 1679 exponi-

234 1726 286 1778 tur
316 1715 348 1778 in
381 1715 447 1779 foro
478 1714 753 1778 Antiochensium:
786 1713 921 1776 citantur
952 1734 1056 1776 eorum
1086 1734 1191 1789 voces,
1216 1712 1271 1795 qui

235 1835 371 1899 defuncti
386 1836 539 1921 sornam,
563 1841 706 1908 aetatem,
723 1855 818 1914 penus
834 1834 952 1904 nortis,
967 1835 1001 1895 ob
1014 1834 1269 1916 propinquitatem

235 1957 327 2019 etiarn
363 1956 492 2018 locorum
526 1956 558 2015 in
593 1955 700 2037 quibus
736 1954 871 2027 interiit,
903 1954 1024 2034 nopai
1057 1953 1270 2016 Aleuoudri

226 2075 337 2161 sotis
372 2080 542 2158 aequarent.
590 2073 782 2156 Agrippina,
818 2094 994 2155 quamquam
1029 2074 1150 2150 rtefosso
1186 2074 1269 2135 tuctu

236 2203 266 2259 ot
289 2217 408 2278 corpore
435 2217 538 2276 aspro,
565 2197 694 2257 omniurn
723 2201 821 2254 tamen
849 2217 927 2276 quae
953 2195 1098 2255 ultionem
1121 2215 1268 2255 moraren-

236 2323 287 2378 tur
314 2317 500 2402 intolerans,
531 2293 667 2377 ascendit
699 2316 823 2376 classen
850 2338 914 2378 cum
938 2315 1086 2378 cineribus
1112 2317 1218 2378 mariti
1240 2323 1269 2378 st

237 2437 356 2510 tiberis,
380 2436 594 2498 miserantibus
609 2436 732 2497 cunctis.
761 2434 873 2496 Uxoris
890 2433 987 2497 luctui
1005 2435 1172 2520 opponitur
1187 2434 1271 2497 Piso·

234 2555 282 2618 nis
304 2554 438 2630 laetitia,
463 2553 518 2636 qui
538 2561 641 2616 tamen
658 2551 788 2616 subinde
804 2561 959 2630 metuens,
977 2553 1174 2626 confirmatus
1191 2561 1269 2617 esset

236 2673 414 2737 huiusmodi
440 2673 606 2736 amicornm
631 2673 861 2738 adhortatione:
883 2676 1002 2737 esttibi
1023 2681 1177 2757 Aupustas
1193 2698 1269 2736 cou-

236 2796 419 2872 scientia,
444 2801 489 2857 ost
516 2794 657 2856 Caesaris
673 2795 808 2879 fauor,
831 2795 938 2855 sedin
962 2795 1082 2857 occulto.
1107 2816 1132 2857 c.
1153 2797 1204 2859 77.
1228 2831 1272 2842 —-

237 2913 350 2977 Romae
383 2913 489 2990 dolor,
522 2914 585 2989 ira,
618 2919 744 2995 questus
769 2913 853 2997 vulgi
877 2923 1040 2997 erumpunt
1065 2912 1163 2976 odiosi
1186 2912 1272 2976 Tibe·

236 3034 299 3096 rio!
324 3033 521 3096 -Interim
560 3033 732 3116 Agrippina
766 3055 834 3096 cum
871 3055 948 3096 urna
983 3032 1068 3097 ferali
1104 3057 1156 3118 per
1190 3056 1272 3096 mare

238 3153 451 3218 Brundusium
487 3154 582 3237 petit,
618 3153 690 3216 binc
726 3153 842 3216 urbem.
888 3153 1004 3236 Magno
1034 3153 1170 3216 omnium
1202 3175 1271 3216 cum

236 3273 362 3357 planctu
386 3275 499 3358 passim
524 3274 691 3357 excipitur,
716 3274 819 3335 oberat
846 3274 956 3356 quippe
984 3274 1138 3342 adulatio,
1167 3274 1272 3356 pneris

236 3395 369 3456 cunibus
394 3395 535 3456 tantona
563 3393 678 3455 Tiberio
706 3394 879 3455 Germanici
907 3400 1050 3455 nortem
1079 3393 1175 3455 mate
1197 3394 1270 3455 dis·

236 3513 428 3574 simulari.
465 3511 605 3574 Tiberius
630 3519 659 3573 et
685 3511 827 3595 Augusta
852 3509 975 3593 publico
999 3510 1087 3572 luctu
1104 3510 1269 3588 abstinent,

239 3651 294 3692 nec
327 3652 388 3692 non
418 3637 515 3693 mater
539 3630 692 3705 Antonia,
719 3628 756 3691 ab
780 3628 841 3690 illis
865 3631 912 3711 (ut
938 3628 1063 3692 Tacitus
1087 3629 1195 3713 credit)
1225 3651 1272 3692 co·

237 3747 345 3811 hibita.
380 3747 496 3811 Eorum
521 3755 639 3824 autem,
665 3747 719 3831 qui
743 3747 859 3830 publici
879 3746 994 3810 funeris
1015 3770 1156 3832 pompam
1173 3750 1273 3832 requi-

238 3876 355 3945 rerent,
381 3868 519 3951 querelas
547 3867 658 3952 premit
680 3866 820 3930 Tiberius
845 3866 962 3943 edicto,
987 3866 1079 3929 simul
1101 3876 1272 3931 moerentes

236 3988 316 4052 cives
341 3987 521 4051 adhortatus
546 3994 582 4050 ut
606 3987 644 4050 ad
668 3986 766 4049 officia
789 3986 924 4049 redeant.
949 3985 1002 4048 III
1030 3988 1123 4049 1-6.

281 4108 371 4184 Pisa,
400 4107 562 4192 imperium
588 4107 646 4170 sibi
671 4106 824 4169 ademtum
850 4128 867 4168 a
891 4105 1073 4169 Germanico
1097 4106 1127 4168 vi
1150 4129 1271 4191 recupe-

236 4248 304 4290 rare
335 4226 449 4289 frustra
473 4235 601 4289 conatus
626 4236 657 4289 et
682 4224 811 4288 Romam
838 4224 952 4302 redux,
978 4233 1138 4288 accusatur
1161 4248 1178 4287 a
1200 4225 1272 4288 Ful-

1113 4343 1152 4401 5*
