3008 4920
519 1321 735 1368 enarramus
758 1324 801 1367 ET
825 1324 987 1370 TIBERIUS.

681 1595 712 1642 Ia
726 1593 808 1657 sinis
822 1593 888 1657 fuit
905 1593 1078 1644 ulciscenda
1096 1597 1264 1648 Germanici

646 1693 746 1748 morte,
769 1704 822 1737 non
845 1689 923 1737 modo
943 1690 1023 1751 apud
1044 1690 1115 1740 illos
1134 1691 1261 1741 homines

645 1785 693 1848 qui
714 1789 772 1833 tum
795 1785 932 1848 arcebant,
955 1785 1044 1835 etiam
1066 1788 1179 1837 secatis
1202 1793 1264 1837 tem·

640 1880 762 1942 poribus
789 1881 873 1929 varic
904 1897 1020 1932 ramore
1046 1882 1169 1933 iactata.
1203 1887 1268 1933 Anu.

645 1979 742 2030 11119.

279 2605 377 2668 Taciti
409 2607 714 2688 scribendi-rationis
740 2609 863 2693 propria
888 2609 921 2673 in
948 2608 1035 2674 nulla
1058 2610 1156 2694 operis
1180 2616 1267 2693 parte

233 2727 331 2809 magis
365 2734 438 2790 sunt
471 2727 635 2811 conspicua
668 2750 760 2812 quam
792 2727 824 2791 in
857 2750 906 2805 ea,
935 2729 1068 2813 quaein
1092 2727 1268 2792 Germanici

235 2846 326 2910 rebus
359 2845 535 2910 enarrandis
566 2852 714 2909 versatur.
759 2845 947 2923 Admiratio,
981 2867 1042 2928 qua
1073 2846 1155 2910 hunc
1186 2847 1269 2910 iuve-

236 2988 304 3029 nem
337 2965 547 3049 prosequitur,
579 2965 756 3048 aequiperat
778 2964 883 3026 odium
891 3012 900 3041 ,
927 2985 989 3048 quo
1013 2963 1137 3027 ducitur
1160 2964 1192 3026 in
1215 2963 1269 3026 Ti-

237 3085 366 3149 berium.
415 3084 544 3148 Constat
575 3085 620 3162 ei,
652 3083 735 3148 hunc
766 3083 804 3148 ab
835 3084 925 3147 initio
952 3085 1039 3168 regni
1061 3084 1145 3148 illius
1168 3084 1268 3168 perni-

234 3205 311 3267 ciem
336 3203 516 3267 meditatum
542 3225 625 3280 esse,
658 3210 688 3266 et
711 3203 784 3267 inde
807 3203 1034 3267 contentionem
1059 3203 1212 3266 exstitisse
1235 3203 1266 3266 in

235 3345 297 3407 qua
337 3322 462 3386 alterius
503 3321 679 3386 innocentia
716 3321 854 3385 fallaciae
889 3321 1014 3386 alterius
1049 3322 1246 3386 succubuerit
1257 3346 1266 3398 ς

234 3442 314 3506 hanc
346 3441 430 3505 litem
464 3448 500 3505 ut
531 3441 714 3505 describeret
746 3462 851 3503 omnes
883 3442 956 3504 artis
987 3441 1165 3526 ingeniique
1188 3440 1267 3504 vires

233 3558 384 3622 intendit:
417 3565 567 3622 monstrat
591 3580 609 3621 a
636 3558 749 3642 quibus
780 3558 877 3622 initiis
909 3566 976 3622 orta
1003 3558 1199 3644 Imperatoris
1222 3559 1268 3622 in·

232 3679 315 3742 vidia
347 3679 460 3742 sensim
491 3678 679 3742 incrementa
708 3678 840 3762 ceperit,
872 3677 969 3743 donec
998 3678 1121 3743 tandem
1146 3677 1269 3743 nonnisi

234 3804 331 3860 morte
355 3794 531 3859 Germanici
547 3795 640 3859 fuerit
656 3795 775 3858 satiat-a.
813 3787 902 3859 Hanc
918 3795 1173 3880 descriptionem,
1190 3818 1267 3881 quae

231 3917 337 3980 multis
369 3917 443 3980 locis
470 3917 508 3981 ab
541 3918 626 4001 epico
658 3916 791 3980 carmine
822 3916 921 3980 forma
951 3924 1069 3980 tantum
1098 3914 1266 4000 discrepat,

232 4038 402 4114 excutiam,
426 4057 522 4119 quum
547 4058 583 4099 ex
607 4034 694 4098 nulla
717 4035 815 4119 magis
840 4033 996 4117 scriptoris
1013 4034 1122 4097 merita
1138 4041 1169 4096 et
1184 4032 1268 4096 labes

232 4154 380 4219 eluceant.
