3008 4920
731 1348 757 1412 I.

413 1636 479 1684 OUR
502 1637 656 1682 TIBERIUS
679 1635 832 1682 AUGUSTO
854 1632 1081 1681 successam.
1132 1686 1136 1691 ,

276 2201 346 2270 Lib.
367 2202 394 2266 I.
419 2199 494 2285 Cap.
516 2203 545 2266 3.
581 2201 620 2263 lu
641 2202 775 2282 Aprippa
794 2201 858 2262 vita
878 2198 1086 2272 oonoeoaitd]
1110 2201 1266 2261 Caesarem

233 2330 350 2384 euntem
362 2324 405 2384 od
421 2322 644 2403 Hirponienaeo
663 2321 827 2392 coercitae,
843 2319 952 2381 Gaium
973 2322 1150 2380 remeantem
1165 2324 1266 2379 Arme·

232 2444 285 2505 nio
312 2451 342 2505 et
369 2443 491 2504 uulnere
514 2441 685 2502 iuerotidum
709 2461 786 2502 more
803 2439 882 2526 foto
903 2460 1031 2522 propera
1056 2438 1108 2501 oet
1128 2459 1269 2500 nouercae

235 2564 344 2625 Liuiae
372 2563 461 2625 notu
492 2563 638 2633 abstulit,
674 2563 828 2644 Drusoque
857 2560 972 2643 pridem
1005 2561 1154 2631 cautuae,
1185 2559 1267 2621 Nero

232 2686 314 2746 eolus
336 2708 353 2746 e
373 2683 523 2767 priuipnie
546 2690 627 2755 erat,
651 2682 730 2744 ittua
752 2692 860 2745 arenata
879 2703 1013 2763 verpere:
1029 2681 1139 2765 filine,
1155 2681 1269 2762 ooltepo

232 2805 368 2885 imperii,
397 2825 513 2866 oonaore
536 2803 718 2866 tribuniciae
738 2803 902 2885 potestatio
925 2802 1097 2864 adsumitur
1119 2802 1271 2884 omniaque

228 2947 284 3007 per
319 2925 466 2987 eneroitne
500 2930 686 3010 ostentaturt
721 2943 787 2985 non
819 2923 981 2985 obscurio
1005 2932 1049 2985 ut
1073 2928 1179 2984 antea
1203 2943 1270 2983 ma-

233 3045 303 3106 tria
334 3045 495 3116 artibus,
527 3046 591 3105 aed
617 3043 738 3126 potam
768 3045 924 3106 hortatu.
970 3041 1053 3105 Nom
1083 3064 1180 3106 senem
1205 3049 1268 3106 Au·

229 3170 351 3246 paetum
385 3165 563 3226 detinuerat
598 3166 672 3227 adeo
706 3165 756 3226 uti
788 3170 920 3243 nepotem
954 3163 1073 3225 unicam
1105 3163 1269 3247 Aprippam

237 3283 409 3345 Postumum
445 3283 477 3350 in
502 3283 635 3345 insutum
659 3283 842 3346 Planasiam
859 3283 1035 3366 promuerit,
1061 3284 1163 3346 rodem
1197 3305 1270 3345 eane

234 3407 375 3469 bonorum
401 3406 514 3469 ortium
537 3414 566 3469 et
587 3406 686 3469 robore
706 3408 837 3489 eorporis
854 3405 965 3468 stolide
978 3405 1131 3492 femma,
1151 3405 1271 3467 nattum

235 3535 333 3588 tamen
360 3527 482 3610 flopitii
512 3533 699 3609 compertum.
747 3524 821 3611 Cap.
855 3528 884 3590 7.
921 3527 1024 3588 Dabat
1054 3532 1083 3588 et
1100 3525 1213 3610 famae
1237 3533 1271 3589 nt

234 3654 358 3710 uocatae
384 3646 555 3730 electaeque
572 3649 678 3729 potine
702 3671 720 3709 a
745 3647 898 3728 republica
921 3647 1081 3721 uideretur,
1100 3668 1188 3729 quam
1205 3669 1271 3729 per

235 3769 399 3833 unorinm
419 3769 585 3830 ambitum
606 3774 636 3830 et
653 3767 746 3830 anniti
758 3768 919 3850 adoptione
930 3768 1102 3849 irreprime,
1115 3774 1145 3831 et
1157 3766 1203 3831 IV
1217 3769 1270 3831 57.

281 3888 360 3953 Cum
392 3889 440 3952 his
473 3896 575 3953 autem
612 3889 715 3954 confer
748 3887 801 3952 ΙΙΙ
837 3890 889 3952 56.
937 3887 979 3951 Id
1009 3889 1117 3950 nummi
1141 3887 1272 3970 faotipii

236 4009 411 4073 uocabulum
434 4011 465 4094 (i.
491 4032 517 4074 e.
542 4010 710 4074 tribunicia
733 4011 881 4094 potestas)
906 4013 1061 4090 eupasia
1083 4010 1214 4092 repperit
1233 4029 1272 4070 ne

237 4129 315 4211 repis
345 4139 401 4191 out
432 4131 591 4192 dictatorie
622 4152 724 4193 nomen
754 4135 917 4191 eorummet
944 4151 980 4190 ao
1010 4134 1109 4190 tamen
1132 4129 1238 4212 oppett
1259 4165 1270 4175 ·

237 4251 318 4313 tione
348 4250 455 4334 aliqua
486 4258 583 4311 cetera
617 4249 744 4330 imperio
771 4248 981 4332 praemineret.
1028 4246 1169 4310 Marcum
1200 4249 1270 4312 dein
