3008 4920
764 431 783 489 8

253 639 322 699 dore
352 636 470 719 quidam
502 635 722 719 praescriptum
754 635 847 697 fuisse
877 633 1015 696 Macroni
1039 641 1096 698 cet.
1133 636 1193 698 30:
1218 638 1293 698 unda

244 756 339 838 famo
371 761 505 818 constans
536 777 644 818 ausum
677 754 798 818 mittere
828 753 864 816 ad
898 753 1057 816 Gaesarem
1081 753 1193 817 literas.
1230 755 1291 830 3o';

253 875 312 935 45:
338 872 486 950 honores,
512 893 589 957 quos
613 873 750 935 omiserit
774 872 958 956 receperitve
981 872 1014 934 ν’νν
1036 873 1146 935 incerto
1157 872 1229 956 fuit
1252 871 1291 935 ob
1384 888 1387 893 ·

254 991 460 1075 propinquum
487 992 566 1055 vitae
585 992 690 1068 ‚finem
727 995 787 1056 47:
813 990 948 1055 invalido
973 1013 1007 1054 ac
1021 992 1160 1077 fortasse
1183 993 1291 1075 ignaro

253 1110 398 1194 (Tiberio)
422 1113 493 1174 ficta
517 1111 671 1195 pleraque.
713 1114 752 1175 50
771 1111 809 1173 de
826 1111 910 1174 exitu
926 1109 1059 1186 Tiberii,
1077 1099 1162 1174 Suet.
1181 1113 1233 1175 78.
1247 1149 1292 1158 -

254 1229 333 1295 Cum
350 1231 395 1293 his
411 1238 512 1295 autern
525 1231 610 1309 locis,
625 1254 703 1314 quae
718 1230 849 1315 probant
863 1231 896 1294 in
913 1253 1006 1315 quam
1023 1230 1128 1294 multis
1144 1253 1179 1294 sc
1195 1231 1293 1314 gravi·

253 1354 311 1418 bus
335 1354 434 1418 fontes
450 1354 628 1430 deficerent,
651 1354 803 1439 quadrant
820 1376 871 1432 ea,
889 1377 968 1438 quae
985 1353 1108 1438 scripsit
1125 1354 1185 1418 Dio
1203 1353 1288 1417 Cass

254 1477 310 1551 53,
338 1477 397 1537 19:
422 1477 453 1538 οὐ
473 1474 569 1551 μέντοι
592 1473 693 1566 ὁμοίως
717 1482 776 1545 τοῖς
800 1474 917 1553 πρόσθεν
940 1473 981 1537 πα
1002 1473 1083 1550 μετα
1102 1479 1203 1538 ταῦτα
1219 1474 1250 1556 (ί.
1265 1496 1291 1537 e.

254 1617 332 1679 quae
367 1594 423 1658 sab
456 1595 583 1678 imperio
615 1603 700 1678 gest-s
732 1596 815 1677 sunt)
844 1594 1018 1674 πραχθέντα
1040 1597 1184 1674 λεχθῆναι
1207 1594 1292 1657 δύνα·

253 1737 303 1778 παν
428 1714 477 1776 καὶ
502 1713 584 1777 καποὶ
607 1719 691 1777 τοῦτο
715 1713 815 1776 πολλοὶ
838 1714 891 1789 μὲν
911 1715 942 1778 οὐ
962 1713 1126 1790 γιγνόμενα
1148 1716 1292 1792 θρυλεῖται

254 1834 354 1897 πολλοὶ
384 1833 414 1896 δὲ
443 1832 493 1895 καὶ
524 1833 602 1898 πανν
633 1833 836 1910 συμβαίνοντα
867 1833 1035 1910 epicarmi,
1069 1830 1170 1896 πάντα
1202 1832 1232 1895 δὲ
1255 1833 1291 1903 ὡς

254 1957 343 2020 εἰπεῖν
374 1954 473 2028 ἄλλως
505 1981 566 2026 πως
597 1957 614 2032 ἢ
638 1959 674 2028 ὠς
694 1956 858 2036 προέππεπαν
882 1957 1051 2035 δοαθροεῖπαι
1179 1955 1292 2034 ὅθενπερ

254 2077 303 2140 καὶ
327 2077 385 2152 ἐγὼ
408 2075 510 2140 πανπα
532 2077 573 2141 ‘roi
597 2075 662 2152 ἑξῆς
686 2075 741 2140 ὅσα
767 2100 805 2153 γε
828 2076 879 2141 καὶ
903 2079 1067 2153 αναγκαῖον
1088 2075 1171 2140 ἔσται
1187 2075 1291 2148 εἰπεῖν,

255 2194 291 2269 ὥς
324 2220 378 2261 πον
409 2197 459 2260 καὶ
490 2185 679 2272 δεδήλωται,Ι
696 2197 819 2279 Φράσον,
851 2195 902 2262 εἴπ’
933 2194 1019 2267 ὄντας
1049 2192 1136 2266 οὕτως
1160 2194 1218 2259 εἴτε
1244 2193 1293 2258 καὶ

255 2315 355 2393 ἑτέρως
386 2339 447 2385 πως
479 2318 562 2394 ἔχει.
595 2317 749 2394 προσέσται
776 2317 872 2394 μέντοι
897 2341 925 2380 πο
948 2318 1048 2387 αὐτοῖς
1072 2315 1119 2380 καὶ
1144 2321 1196 2387 τῆς
1220 2313 1292 2390 ἐμῆς

255 2433 391 2510 δοξασίας
423 2437 451 2507 ἐς
480 2435 543 2500 ὅσον
571 2438 738 2516 ἐνδέχεται,
770 2437 799 2500 ἐν
828 2432 866 2507 οἷς
898 2435 974 2501 ἄλλο
1004 2459 1032 2500 πο
1064 2439 1182 2512 μαλλον
1210 2434 1227 2508 ἦ
1259 2433 1293 2498 πὸ

255 2552 439 2632 θρυλούμενον
468 2556 600 2628 ἠδυνήθην
629 2557 661 2620 ἐκ
688 2562 802 2619 πολλῶν
820 2551 856 2619 ὧν
873 2555 1036 2630 οὶνὲγνανῆ
1067 2554 1115 2619 κα)
1143 2553 1252 2628 ἤκουσα
1276 2553 1292 2626 ἢ

254 2671 303 2734 καὶ
321 2668 393 2735 εἶδον
413 2674 621 2752 τεκμήρασθαι.
657 2673 766 2757 Itaque
786 2674 823 2737 de
844 2673 950 2737 Tacito
963 2695 1086 2759 quoque
1103 2672 1289 2737 credendum

254 2813 324 2855 cnm
349 2791 513 2854 Meierotto
537 2816 565 2877 p.
591 2799 632 2855 24
657 2816 749 2869 „eum
774 2817 810 2856 er
834 2795 893 2857 ista
915 2794 1067 2878 farragine
1091 2792 1206 2856 indicis
1226 2792 1292 2876 qui-

257 2909 326 2972 dem
357 2916 388 2972 et
417 2918 556 2973 externas
581 2911 819 2995 significationes
842 2934 948 2976 omnes
972 2911 1176 2987 desumsisse,
1201 2911 1293 2974 inter·

258 3052 328 3093 nam
346 3053 416 3093 vero
433 3030 591 3095 hominum
613 3046 770 3108 naturam,
788 3038 869 3096 tecta
885 3033 1073 3108 animorum,
1091 3055 1214 3109 causas,
1232 3053 1293 3094 mo·

256 3149 331 3213 dum
347 3173 408 3234 quo
421 3173 562 3236 quaeque
574 3175 621 3215 res
633 3160 719 3235 gesta
732 3160 828 3229 esset,
842 3151 938 3215 videri
951 3152 1010 3216 sibi
1023 3153 1124 3236 ipsum
1136 3151 1291 3216 finxisse.”

302 3269 423 3349 Quodsi
455 3294 490 3335 ea
519 3271 578 3335 fnit
602 3272 736 3336 fontium
760 3272 913 3350 conditio,
940 3279 974 3336 ut
998 3273 1155 3356 scriptoris
1179 3272 1294 3336 divina-

258 3388 336 3452 tioni
368 3397 460 3472 atque
492 3390 615 3474 ingenio
647 3391 721 3454 satis
752 3413 862 3474 magna
893 3414 962 3475 pars
991 3392 1125 3455 muneris
1150 3400 1229 3455 esset
1252 3414 1296 3454 re·

256 3507 346 3585 licta,
383 3511 539 3592 permagni
575 3511 702 3574 interest
737 3518 773 3573 ut
812 3533 1031 3595 cognoscamus
1062 3535 1119 3597 quo
1148 3513 1297 3575 voluntate

257 3630 413 3713 quibusque
443 3629 626 3710 opinionibus
652 3630 790 3695 imbutus
822 3630 859 3694 ad
895 3631 1088 3696 scribendum
1125 3631 1295 3695 accesserit.

260 3749 305 3810 Ac
335 3749 468 3831 primum
501 3748 624 3832 quidem
658 3750 781 3834 vulgata
809 3751 847 3815 de
870 3751 992 3816 Tiberio
1016 3751 1137 3836 opinio,
1162 3774 1293 3835 quacum

259 3866 385 3930 Tacitus
417 3865 606 3946 adoleverat,
642 3869 782 3933 universe
814 3870 874 3935 fuit
904 3870 1030 3934 haecce:
1060 3869 1144 3933 illius
1167 3891 1293 3953 regnum

261 3986 449 4050 miseriarum
482 3987 624 4065 illarum,
656 4011 691 4052 en
724 3990 837 4073 quibus
869 3991 927 4055 sub
959 3989 1147 4074 Vespasiano
1171 3990 1294 4053 demum

261 4107 424 4190 imperium
448 4109 621 4185 emerserit,
646 4110 741 4174 fuisse
764 4110 898 4174 initium.
945 4110 1013 4175 Iam
1036 4110 1074 4174 de
1095 4111 1183 4186 vivo,
1199 4109 1295 4194 „quia

260 4222 388 4288 Seianus
417 4225 585 4291 facinorum
612 4227 748 4291 omniurn
767 4237 904 4313 repertor
926 4228 1114 4308 habebatur,
1140 4251 1176 4292 ex
1199 4227 1295 4291 nimia
