3008 4920
654 439 838 484 PRAEFATIO.
1250 437 1267 480 V

233 630 351 714 petitis,
376 651 437 693 non
458 630 523 693 siue
543 629 727 693 detrimento
747 651 795 692 me
816 628 950 692 caruisse
971 635 1001 691 et
1017 626 1108 690 credo
1122 634 1152 690 ct
1166 627 1266 692 doleo.

232 779 353 843 Pasohii
377 802 447 844 vcro
471 780 602 857 librum,
629 802 690 863 quo
714 779 905 843 Stahrianam
930 779 1166 864 descriptionem
1187 800 1268 841 ever-

233 940 296 996 tere
320 941 447 997 conatus
472 940 536 1011 est,
557 933 721 1017 diligenter
740 932 817 1017 legi,
838 932 926 996 ouius
946 933 992 995 uti
1004 952 1162 1016 operosam
1176 930 1268 992 miror

192 1102 199 1121 ¹
232 1079 431 1158 industriam,
456 1083 500 1145 ita
523 1081 678 1146 iudicandi
703 1082 874 1145 libertatem
899 1087 929 1145 et
948 1079 1140 1164 prudentiam
1165 1079 1268 1142 mirari

232 1252 367 1315 nequeo,
393 1232 508 1317 qnippe
532 1233 585 1317 qui
610 1232 640 1295 in
655 1222 756 1315 'longe
780 1231 921 1316 plurimis
949 1229 1041 1294 rebus
1064 1251 1126 1324 non
1143 1251 1199 1292 suo
1215 1229 1264 1292 sed

232 1379 329 1444 Taciti
356 1389 417 1445 stet
442 1381 573 1458 iudicio,
602 1381 686 1465 quod
710 1383 811 1465 ipsum
843 1382 874 1443 in
907 1402 1031 1444 censum
1056 1379 1156 1442 vocari
1181 1400 1267 1462 opor·

231 1538 350 1609 tuerat,
383 1537 492 1615 etque,
517 1532 572 1596 ubi
595 1532 686 1596 semel
715 1531 752 1594 ab
777 1539 900 1594 anctore
924 1530 1082 1607 dissentit,
1108 1539 1210 1614 spreta
1233 1530 1268 1592 il·

232 1681 292 1745 lius
315 1705 432 1746 morum
461 1683 575 1746 Tiberii
604 1683 807 1766 descriptione
831 1682 920 1745 eliam
946 1689 1091 1766 suggerat
1115 1689 1145 1744 et
1168 1681 1267 1745 multo

232 1813 456 1898 clementiorem
488 1856 579 1918 quam
612 1857 648 1898 ex
680 1835 780 1919 priore
804 1834 943 1918 opusculi
969 1840 1052 1918 parte
1077 1855 1267 1916 consequens

232 1981 339 2044 luisset
362 1989 392 2044 et
415 1982 490 2045 adeo
515 1983 682 2067 speciosam
708 1989 743 2046 ut
766 1982 838 2046 huic
863 1983 908 2046 vel
929 1982 1052 2047 Tacitae
1070 1981 1267 2066 praeferenda

233 2152 297 2193 esse
322 2130 471 2196 videatur.

280 2283 452 2364 Antequam
485 2304 554 2346 vero
587 2283 744 2366 praefandi
768 2283 857 2346 finem
883 2283 1010 2360 faciam,
1036 2285 1267 2367 reprehensioni
1365 2320 1367 2325 ·

232 2430 453 2495 occurrendum
488 2441 550 2508 est,
587 2454 678 2516 quam
714 2433 777 2495 fore
813 2439 849 2494 ut
879 2431 1042 2514 effugiam,
1076 2454 1196 2515 sperare
1220 2432 1270 2494 vix

232 2577 339 2640 ausim.
387 2577 455 2662 Etsi
486 2579 566 2641 euim
598 2578 697 2642 Taciti
728 2579 844 2661 ingenii
876 2579 1030 2662 animique
1054 2578 1161 2642 laudes
1185 2579 1269 2642 omni

232 2727 405 2809 suspicione
436 2727 564 2790 maiores
597 2750 661 2791 esse
693 2737 723 2791 et
747 2729 785 2791 iis
809 2737 930 2792 tantum
954 2728 1090 2813 scopulis
1114 2751 1182 2793 eum
1206 2729 1268 2792 illi·

233 2877 307 2941 sisse
331 2877 489 2955 existimo,
515 2899 592 2961 quos
615 2860 869 2963 praestantissimi
892 2880 1027 2943 cuiusvis
1054 2880 1200 2964 temporis
1224 2880 1270 2943 hi·

234 3024 337 3087 storici
368 3047 428 3089 non
460 3047 578 3109 semper
607 3027 719 3090 evitare
750 3034 937 3110 potuerunt,
970 3036 1074 3091 metuo
1106 3036 1207 3090 tamen
1233 3050 1270 3089 ne

238 3225 406 3235 ———-—1

233 3351 286 3399 dem
310 3367 366 3400 vero
384 3351 475 3399 invitus
493 3351 652 3408 adhortatur,
670 3353 697 3398 ut
714 3367 728 3398 a
746 3350 868 3413 proposito
887 3351 1049 3413 persequendo
1069 3366 1116 3398 non
1135 3349 1265 3406 desistant,

232 3447 320 3511 quippe
344 3447 384 3511 qni
412 3447 497 3495 ultimo
521 3447 573 3494 loco
597 3419 740 3507 subiungat:
760 3444 932 3507 Uebrigene
950 3444 1082 3493 bedenlrt
1102 3460 1166 3493 man
1184 3443 1272 3492 nicht

231 3545 335 3595 immor
358 3547 424 3595 dass
447 3546 492 3594 dle
517 3545 701 3594 historisohe
725 3545 818 3594 knust
839 3546 889 3593 dor
909 3546 1014 3602 Alten,
1033 3547 1129 3594 zumul
1147 3545 1199 3594 der
1217 3545 1269 3594 na-

237 3659 311 3702 mer,
344 3644 371 3692 in
402 3644 452 3692 der
484 3644 642 3706 Mischung
671 3643 719 3691 des
746 3642 920 3705 objectiven
947 3643 1194 3692 'Phatbestandes
1220 3643 1273 3691 mit

234 3738 353 3786 lrleinen
371 3737 563 3801 subjectiven
586 3738 735 3786 Zuthateu
759 3739 843 3786 stark
861 3753 917 3786 war
935 3738 993 3786 und
1011 3737 1054 3785 sie
1072 3738 1167 3786 durch
1188 3737 1273 3786 Wort

233 3834 319 3882 Bliclr
339 3834 397 3882 und
421 3833 627 3897 Mienenspiel
645 3833 696 3882 dns
714 3833 870 3882 Interesse
887 3849 920 3881 zu
939 3833 1067 3881 erhdhen
1087 3834 1181 3882 sucht.
1216 3834 1275 3896 uin,

233 3931 440 3996 anerkanpter
464 3931 592 3979 Meister
615 3932 663 3980 der
689 3932 791 3981 Praxis
815 3932 871 3980 und
889 3933 941 3980 der
959 3932 1088 3981 Theorie
1106 3933 1156 3981 hat
1179 3933 1273 3981 daran

239 4028 371 4077 treffend
389 4028 419 4077 in
438 4028 550 4078 seiuem
571 4029 659 4092 Essap
678 4030 750 4078 iiber
770 4030 971 4079 Moechiavell
990 4029 1141 4088 eriuuert,
1158 4031 1274 4080 Maesu-

239 4126 287 4191 lay
313 4127 490 4177 bezeichnet
516 4142 601 4191 sogor
627 4128 672 4175 die
699 4128 981 4177 Gesolrichtswerlre
1004 4127 1054 4176 dee
1081 4127 1274 4176 lrlassischen

180 4294 182 4298 Ι
241 4223 449 4274 Altherthurns
467 4224 512 4280 ale
536 4225 665 4281 Romane
683 4225 730 4285 die
748 4225 785 4303 im
804 4225 984 4283 Ilalrtisclren
1004 4225 1177 4301 beqriindet
1195 4225 1274 4281 sind.
