3008 4920
728 404 808 482 ονΙ

231 620 297 686 rot;
322 611 502 674 relabentem
524 617 628 672 secuto
649 617 694 672 eat
709 611 918 694 aedificiorum
935 618 963 672 et
980 609 1127 672 homiuum
1144 616 1266 689 atroces.

231 732 331 814 lqilur
355 732 471 796 cenauit
495 731 623 792 Asinius
651 731 762 794 Gallus
787 740 821 794 ut
846 732 917 794 libri
942 731 1087 814 Sibyllini
1102 731 1267 792 adirentur.

230 853 346 915 Reouit
374 852 509 914 Tiberius
539 851 664 933 perinde
695 852 802 914 diuino
825 853 1014 935 humanoque
1041 852 1195 931 obteqena:
1214 851 1269 912 sed

231 972 389 1034 remedium
413 970 566 1034 coieceudi
584 971 726 1054 fluminis
753 971 838 1032 Ateio
861 971 1005 1053 Capitoni
1021 976 1050 1033 et
1071 970 1103 1032 L.
1120 970 1266 1031 Arruntio

230 1093 413 1153 mandatum.
448 1090 593 1155 Subrides
617 1091 692 1165 haec
716 1090 836 1174 legens,
860 1112 960 1174 neque
984 1088 1088 1153 oblata
1110 1088 1268 1152 occasione

230 1211 380 1276 eiusmodi
412 1209 593 1274 calamitatis
625 1210 793 1274 remedium
817 1232 887 1274 cum
910 1210 1016 1274 Tacito
1040 1216 1124 1293 petes
1148 1231 1164 1271 e
1187 1206 1269 1271 libro

231 1332 365 1416 quodam
389 1340 525 1408 sacrato,
549 1330 602 1394 sed
619 1353 728 1394 manus
745 1331 830 1415 operi
845 1328 1020 1394 admovebis
1038 1350 1107 1392 cum
1128 1326 1265 1404 Tiberio,

231 1455 285 1539 qui
309 1455 340 1517 in
364 1477 396 1518 re
419 1453 512 1518 simili
536 1453 677 1517 similiter
701 1455 763 1538 egit
787 1461 879 1538 atque
895 1475 1027 1538 proavus
1042 1452 1096 1515 ille
1113 1450 1263 1514 Claudius

231 1574 350 1651 Pulcer,
368 1573 423 1658 qui
438 1597 522 1652 „uon
540 1573 735 1658 pascentibus
752 1575 783 1638 in
801 1575 990 1660 auspicando
1006 1573 1101 1658 pullis
1118 1621 1125 1637 .
1141 1621 1147 1636 .
1163 1621 1170 1636 .
1189 1571 1266 1634 mari

230 1694 394 1769 demersis,
429 1693 515 1776 quasi
548 1701 583 1756 ut
614 1693 753 1758 biberent
785 1694 908 1778 quando
933 1716 998 1757 esse
1022 1693 1158 1770 nollent,
1183 1712 1268 1774 proe-

231 1814 307 1878 lium
331 1814 439 1877 navalc
462 1812 563 1876 iniit.’'
594 1812 678 1877 Suet.
704 1817 734 1878 2.
770 1813 950 1898 Suspicatur
965 1821 1068 1877 autem
1085 1812 1209 1875 Tacitus
1225 1833 1269 1873 re·

232 1933 336 1998 nuisse
368 1933 599 2017 imperatorem,
632 1934 705 2016 quia
737 1941 945 1998 contemneret
975 1932 1069 1997 libros
1100 1931 1266 2016 Sibyllinos

232 2075 375 2117 eorumve
399 2052 488 2116 effata
512 2027 673 2117 vereretur.
718 2055 760 2118 At
784 2062 926 2118 neutrum
950 2054 1034 2117 cadit
1056 2053 1086 2117 in
1115 2074 1183 2116 eum
1211 2051 1265 2135 qui

233 2195 261 2236 a.
278 2195 307 2256 p.
325 2171 360 2236 0.
386 2174 427 2234 32
452 2171 490 2234 de
513 2193 592 2234 novo
615 2171 749 2256 Sibyllae
771 2172 848 2236 libro
865 2173 945 2237 iuter
960 2178 1076 2254 ceteros
1093 2169 1271 2265 recipiendo

235 2313 319 2355 more
347 2292 495 2355 maiorum
524 2315 578 2376 per
601 2292 764 2376 magistros
788 2291 909 2375 collegii
934 2299 964 2356 et
987 2292 1018 2354 in
1042 2289 1196 2375 frequenti
1219 2287 1270 2352 Se-

235 2417 311 2474 natu
335 2410 567 2493 inquisitionem
592 2411 713 2475 iustitui
737 2412 827 2475 iussit
851 2411 897 2474 VI
925 2415 974 2474 la.
1014 2409 1106 2474 Recte
1122 2408 1183 2473 Dio
1199 2408 1269 2472 Cas-

234 2527 297 2591 sius
323 2531 380 2606 57,
411 2532 467 2592 14:
492 2530 516 2593 oi
539 2531 593 2606 μὲν
616 2528 701 2595 ἄλλον
729 2533 758 2594 ἐν
780 2527 899 2610 τέρατος
922 2529 1002 2609 λόγῳ
1029 2528 1079 2592 καὶ
1106 2533 1190 2595 τοῦτο

234 2647 422 2725 ἐλάμβανον,
447 2651 551 2720 ἐκεῖνος
574 2649 604 2713 δὲ
628 2649 791 2733 (Tiberius)
815 2650 848 2720 ib
871 2637 1047 2727 νομίοαοὲκ
1063 2647 1268 2733 οτολνττλνθίας

235 2768 374 2844 ναμάτων
397 2769 471 2833 αὐτὸ
495 2770 647 2846 γενονέναι
671 2771 758 2836 πέντε
781 2769 827 2834 ciel
847 2769 1011 2846 βουλευτὰς
1032 2757 1191 2848 stuporata
1207 2769 1269 2830 ἐντο-

234 2887 387 2963 μεαεῖοθαν
408 2882 468 2952 τοῦ
500 2888 634 2964 acriora
664 2887 855 2983 προσέταξεν,
888 2889 947 2952 nisi
975 2887 1057 2970 quod
1081 2887 1205 2950 haereas
1229 2885 1268 2950 de

235 3006 372 3091 quinque
403 3007 633 3090 magistratibus
658 3007 818 3072 ordinariis
844 3030 899 3093 pro
922 3008 1058 3073 duoviris
1082 3015 1167 3071 extra
1190 3005 1268 3069 ordi-

235 3148 303 3190 nem
321 3126 500 3205 uominatis,
521 3149 598 3211 quos
612 3127 896 3192 memorat'Tacitus
910 3127 983 3211 (vid.
997 3125 1125 3212 Ruperti
1141 3125 1220 3188 adh.
1234 3123 1268 3207 l.)

280 3361 409 3428 ibidem.
432 3401 476 3412 -
499 3362 572 3427 Nou
604 3365 704 3429 minus
737 3365 880 3449 suspicax
910 3349 969 3429 est
987 3364 1018 3428 iu
1050 3363 1088 3426 iis
1120 3383 1198 3446 quae
1225 3385 1271 3425 se-

236 3490 392 3564 quuntur:
414 3485 553 3547 Edendia
570 3485 807 3566 ylodioloritua,
824 3507 897 3569 quoa
917 3483 1090 3547 Germanici
1103 3481 1218 3563 fratria
1234 3503 1270 3543 oe

168 3616 170 3621 ’
236 3622 290 3662 sco
314 3601 431 3663 tremine
454 3602 616 3677 obtulerat,
634 3605 789 3685 praeeedit
818 3606 947 3677 Drosoi,
965 3624 1177 3686 quoruqcom
1195 3599 1270 3663 viti

238 3721 420 3801 sanquine
443 3723 553 3785 trimis
573 3726 753 3803 quodecim
778 3725 903 3807 quodie
920 3722 1269 3807 oothosformirioloaum

237 3846 266 3900 et
285 3846 376 3923 poter
392 3841 527 3921 aequiore
543 3841 705 3904 dicebatur.
734 3845 794 3904 Cor
809 3841 992 3904 abstinuerit
1006 3840 1177 3919 spectaculo
1192 3840 1270 3921 ipse,

191 4015 193 4019 ,
236 3959 322 4018 uarie
353 3958 530 4020 trahebant:
565 3959 624 4020 olii
651 3961 773 4023 tcerlio
797 3969 934 4044 coetos,
958 3961 1079 4043 quidam
1104 3957 1268 4020 tristitia

236 4076 378 4158 icyenii
401 4087 435 4138 et
458 4084 550 4140 meto
574 4082 869 4162 eomputationis,
890 4081 962 4163 quia
982 4086 1135 4160 eloquatur
1150 4079 1270 4141 comiter

235 4196 434 4289 interfoimet.
470 4196 561 4261 Valet
585 4200 721 4288 profecto
745 4200 783 4264 de
807 4200 873 4284 ipso
894 4199 976 4292 qnod
996 4223 1022 4274 c,
1041 4201 1081 4263 62
1099 4199 1136 4262 de
1156 4198 1270 4270 Tiberii
