3008 4920
779 436 819 495 52

282 644 414 724 versario
439 642 563 707 liberari
588 665 619 706 se
642 665 749 728 passus
774 649 836 720 est;
858 643 952 707 immo
967 642 1099 726 principi
1115 641 1313 717 Chattorum,

280 765 333 848 qai
356 771 474 826 martem
495 763 626 826 Arminii
638 764 850 846 promittebat,
864 764 893 826 a·
904 765 1078 846 patrandae
1092 765 1158 826 neca·
1174 785 1314 825 aerenum

281 888 465 962 mitteretur,
500 886 672 970 respondit,
703 908 759 949 raon
774 888 897 969 sraarle
919 907 1012 969 aeque
1035 886 1162 948 aoealtia
1185 887 1239 946 aed
1254 907 1313 966 pa·

196 986 198 992 Α
282 1007 340 1066 lam
374 1012 404 1068 et
428 1013 577 1068 armatam
601 1006 638 1068 P.
665 1006 701 1066 a.
726 1027 796 1067 auca
818 1007 917 1067 dacter
940 1005 1055 1068 alcisci.
1097 1007 1171 1072 Qua
1193 1004 1312 1086 pluria

280 1126 460 1209 aequabat
485 1148 521 1187 se
547 1126 713 1187 Pideriar
733 1125 869 1208 priscis
891 1125 1167 1204 inaperctara'hrrs
1185 1125 1245 1208 qai
1261 1147 1313 1186 ve·

280 1267 404 1307 neuram
428 1245 463 1306 ire
488 1246 666 1329 Pyrrham
694 1267 806 1326 repam
835 1240 1026 1307 aetaerarrt
1052 1246 1313 1327 prodiderant·

279 1387 352 1455 que.
384 1363 419 1426 ΙΙ
444 1366 496 1428 88.
533 1364 709 1427 Dolendum
741 1371 786 1427 est
819 1372 920 1428 autem
953 1364 1035 1448 quod
1064 1364 1166 1427 eadem
1195 1364 1312 1427 ratione

279 1505 341 1546 non
366 1505 440 1546 usus
466 1490 512 1547 est
535 1506 607 1568 erga
629 1483 890 1569 Rhescuporidem
915 1484 1081 1560 Thracem,
1107 1507 1198 1569 quem
1217 1484 1314 1548 inani·

278 1601 336 1666 bus
356 1603 447 1687 legati
471 1603 741 1688 promissionibus
763 1611 793 1667 et
812 1626 915 1688 regem
930 1604 1130 1682 Archelaum,
1152 1626 1243 1687 quem
1260 1627 1313 1689 per

281 1721 402 1785 dolosas
440 1722 546 1785 matris
577 1722 679 1786 literas
711 1721 838 1786 Romam
871 1723 983 1788 adduci
1007 1724 1087 1788 sivit.
1106 1725 1130 1808 ¹)
1169 1723 1311 1788 Ceterum

281 1839 417 1923 Augusti
448 1839 526 1903 illud
559 1839 721 1903 consilium
749 1842 901 1904 coercendi
922 1842 1005 1904 a'rrtra
1029 1843 1169 1904 terminer
1194 1842 1313 1922 imperii

279 1980 341 2021 non
362 1957 426 2020 sine
449 1978 560 2041 magno
576 1958 695 2042 imperii
715 1960 875 2023 commodo
896 1968 1034 2023 secutum
1055 1982 1118 2023 csse
1137 1959 1309 2037 Tiberium,

279 2100 422 2162 prospera
446 2079 510 2143 eius
535 2079 670 2143 conditio
694 2079 837 2164 deinceps
862 2080 977 2144 docuit.

325 2192 390 2256 lam
425 2217 495 2258 vero
523 2195 647 2259 Tacitus
683 2219 806 2280 prorsus
841 2197 1021 2262 contrariam
1056 2203 1162 2260 tuetur
1196 2197 1312 2281 opinio-

280 2333 361 2374 nem.
398 2311 429 2375 Is
453 2312 531 2375 nihil
555 2336 651 2398 aeque
675 2314 844 2378 admiratur
867 2336 902 2377 ac
925 2313 1066 2378 bellicam
1087 2313 1231 2378 virtutem
1247 2314 1310 2378 hel·

246 2495 248 2500 ,
281 2431 432 2515 licumque
462 2432 590 2515 gloriam
614 2433 767 2517 Principis
799 2441 830 2497 et
859 2434 989 2518 imperii.
1036 2434 1164 2498 Florens
1195 2435 1310 2519 quippe

280 2551 338 2615 sub
365 2552 514 2631 Traiano,
541 2577 660 2619 summo
684 2554 757 2618 belli
782 2554 859 2618 duce
882 2554 1051 2638 eodemque
1066 2554 1241 2618 felicissimo
1257 2555 1311 2618 im-

277 2679 437 2755 peratore,
460 2694 523 2736 non
546 2681 671 2758 reputat
695 2674 769 2736 alias
794 2673 882 2737 aliter
906 2671 1074 2758 regendum
1091 2694 1164 2736 esse.
1196 2672 1311 2735 Revera

278 2790 377 2873 spirat
416 2789 565 2869 Martem
598 2791 677 2856 nihil
712 2792 876 2869 libentiuS,
910 2791 988 2856 nihil
1019 2792 1172 2877 copiosius
1207 2800 1311 2856 narrat

278 2931 369 2993 quam
402 2910 484 2975 bella
516 2919 546 2975 ct
578 2911 708 2995 proelia,
740 2913 784 2976 ita
813 2919 865 2990 ut,
891 2911 997 2975 dolens
1020 2919 1082 2973 tam
1103 2935 1201 2991 pauca
1225 2919 1311 2995 gesta

278 3052 342 3093 esse
368 3039 516 3114 regnante
541 3031 681 3108 Tiberio,
706 3031 906 3095 nihilominus
929 3053 1113 3116 paucorum,
1132 3039 1311 3116 quaegesta

277 3158 371 3226 sunt,
405 3151 578 3213 narratione
609 3152 671 3214 fare
702 3158 841 3234 quartam
872 3152 971 3236 operis
994 3160 1112 3235 partem
1135 3151 1309 3236 expleverit.

277 3269 408 3333 Disertis
441 3270 538 3334 verbis
570 3270 602 3334 id
633 3271 747 3334 fatetur
771 3270 816 3333 IV
841 3273 902 3334 33:
926 3279 1052 3334 ceteram
1082 3279 1117 3335 at
1141 3274 1310 3354 prffatara

276 3410 315 3452 sc.
346 3410 424 3471 quae
458 3412 513 3474 ego
546 3412 654 3467 narro,
678 3392 723 3453 aa
746 3392 899 3453 minimam
923 3392 1131 3455 oblectationis
1153 3391 1310 3467 adferant.

280 3507 357 3568 Nam
392 3508 472 3570 ritca
496 3510 647 3591 peritiam,
674 3510 839 3573 uarietates
867 3510 1064 3591 praeliorum,
1091 3511 1171 3573 clari
1201 3513 1308 3574 ducam

275 3741 388 3789 Moesiam
406 3757 421 3788 a
441 3741 513 3789 Dacia
531 3741 690 3805 Sarmatiam
708 3742 790 3804 (imma
810 3743 833 3791 hi
851 3744 943 3808 depulsi
960 3749 1016 3795 sunt
1035 3747 1066 3795 lV
1080 3748 1113 3796 46
1125 3753 1193 3813 aqu),
1213 3750 1306 3799 Gallias

274 3851 289 3883 a
310 3835 432 3883 Germania
448 3838 538 3884 vastari
555 3836 610 3898 (hoc
628 3837 727 3886 omnino
745 3836 850 3900 falsam).

309 3931 333 3990 1)
351 3930 408 3978 Tac.
432 3931 454 3979 ll
478 3932 510 3980 42
533 3939 558 3980 ct
583 3931 629 3984 d‘l:
653 3948 753 3996 qnorum
772 3933 848 3994 ulter,
866 3936 1012 3995 Archelaus,
1030 3938 1079 3986 fato
1097 3940 1247 3990 innotuerat
1265 3942 1305 4003 (D.

276 4026 304 4076 0.
324 4025 363 4084 57,
383 4023 433 4087 17),
451 4028 511 4076 alter
529 4029 607 4092 fugam
627 4033 723 4078 tentans
740 4031 892 4082 interficitur.
926 4033 1034 4093 Tertius,
1052 4051 1123 4099 quam
1140 4037 1208 4087 addit
1225 4039 1308 4088 Sueto·

275 4123 329 4170 nina
347 4122 387 4181 37,
415 4125 589 4185 Maroboduus,
615 4130 701 4191 sponte
717 4127 820 4192 principi
838 4144 862 4177 ra
880 4129 975 4180 obtulit.
995 4132 1021 4180 ll
1040 4133 1080 4183 68.
1114 4135 1196 4184 Simile
1215 4137 1306 4187 reatum

273 4219 317 4266 sub
335 4220 460 4283 Augusto,
480 4221 525 4269 Dio
543 4222 571 4270 Ο.
591 4226 636 4282 54,
654 4222 694 4272 82.
