3008 4920
731 479 770 539 89

233 689 336 752 indole
348 710 383 752 11
395 686 506 750 studiis
520 685 641 771 prodita
652 707 746 769 supra
762 708 792 769 p.
812 688 852 746 82
871 684 1050 749 attulimus:
1073 682 1189 775 scilicet
1206 705 1267 747 non
1348 768 1349 772 Ἰ

233 807 408 873 Germanioi
431 814 553 870 tantum
578 793 635 868 sed
653 804 904 888 imperatoris
928 825 1051 887 quoque
1079 801 1269 865 auctoritatis

232 929 399 993 intolerans
423 928 499 1005 fuit,
524 948 601 1010 quos
630 925 719 989 ambo
747 924 942 989 contumeliis
970 924 1097 1008 petivit,
1122 945 1178 986 nec
1205 931 1271 986 tan-

232 1057 300 1112 tum
323 1047 411 1111 illum
436 1046 488 1110 sed
513 1055 610 1109 totam
634 1044 798 1108 Caesarum
824 1043 949 1106 domum
974 1042 1100 1126 perdere
1124 1050 1188 1105 erat
1204 1063 1271 1105 mo-

232 1170 322 1245 litus,
353 1166 615 1252 opportunitatem
643 1165 703 1228 iam
736 1164 796 1227 sibi
831 1163 935 1226 datam
970 1185 1034 1226 esse
1058 1170 1161 1242 ratus,
1187 1183 1265 1246 quae

232 1287 258 1350 si
287 1286 411 1350 daretur
442 1307 511 1348 enm
545 1306 687 1346 casurum
719 1305 782 1345 aare
806 1284 968 1366 Augustus
1005 1281 1173 1344 rectissime
1196 1280 1268 1343 olim

231 1406 431 1492 praeviderat.
469 1403 590 1483 Quodsi
614 1426 685 1466 vero
708 1402 761 1466 ille
778 1425 796 1466 a
811 1402 982 1478 iudicibus,
1008 1401 1183 1465 Germanioi
1204 1401 1269 1465 iau·
1331 1471 1333 1474 ,

230 1527 366 1603 toribus,
392 1533 498 1589 eontra
522 1525 581 1608 ipsi
604 1525 858 1607 implacabilibus,
884 1523 1021 1587 veneficii
1037 1523 1186 1587 liberatus
1205 1531 1271 1599 est,⁴

231 1667 337 1729 reapse
361 1643 502 1707 Tiberius
527 1643 626 1707 omnis
651 1642 760 1726 culpae
784 1651 830 1705 est
853 1640 1067 1705 absolvendus.
1104 1617 1269 1703 Nihilomi-

231 1784 289 1826 nus
314 1761 517 1825 examinanda
540 1769 613 1823 sunt
637 1782 714 1844 quae
739 1760 776 1823 de
802 1761 902 1822 literis
923 1768 953 1823 et
970 1761 1097 1822 11111111
1112 1761 1268 1821 mandatis

232 1883 337 1946 Pisoni
360 1881 398 1945 ab
422 1881 477 1945 illo
502 1880 623 1944 traditis
648 1902 683 1944 eo
706 1888 844 1964 tempore
868 1880 1166 1944 circumferebantur.

315 2125 436 2186 Bataua
459 2130 528 2186 aaut
554 2121 664 2185 Pisoni
686 2121 804 2185 occulta
828 2123 972 2184 mandata
995 2144 1014 2182 a
1042 2119 1183 2184 Tiberio?

276 2357 376 2421 Taciti
399 2358 519 2434 locum,
544 2357 597 2440 qni
622 2355 681 2420 huc
706 2357 840 2440 pertinet
853 2356 904 2420 ΙΙΙ
920 2359 977 2433 16,
991 2377 1083 2440 supra
1102 2355 1266 2439 descripsi,

233 2502 264 2563 p.
293 2481 333 2540 68
351 2479 437 2563 sq.¹)
478 2476 592 2561 Incipit
611 2477 670 2540 ita:
703 2477 809 2539 audire
829 2500 874 2539 me
894 2481 1013 2540 uramini
1033 2500 1069 2538 11
1095 2476 1266 2538 rectioribus.

231 2600 334 2685 Igitur
365 2600 486 2664 tametsi
517 2601 673 2684 ingentem
707 2599 854 2663 librorum
888 2607 918 2663 et
947 2598 1121 2662 libellorum
1151 2598 1210 2659 vim
1235 2585 1267 2660 in

232 2719 451 2784 conscribendo
475 2741 566 2804 opere
590 2719 749 2796 adhibuit,
773 2719 807 2782 iu
831 2718 945 2803 quibus
969 2730 1055 2782 erant
1079 2719 1133 2801 qui
1156 2719 1268 2802 gravis-

232 2839 308 2902 sima
341 2860 480 2923 quaeque
512 2839 545 2902 in
569 2838 725 2903 Tiberium
750 2838 924 2901 conicerent
946 2836 1018 2920 (vid.
1044 2840 1207 2921 prooem),
1232 2837 1264 2901 in

232 2958 321 3028 nullo
356 2967 459 3022 tamen
496 2957 570 3022 baec
604 2958 680 3042 legit
715 2957 768 3021 sed
803 2958 895 3021 fando
920 2957 1038 3020 audivit
1053 2958 1099 3042 2);
1135 2957 1167 3019 in
1195 2957 1266 3019 sori-

233 3081 294 3166 ptis
328 3080 520 3144 documentis
552 3080 609 3144 hoo
645 3087 766 3143 tantum
799 3080 955 3164 proditum
990 3093 1071 3157 erat,
1103 3079 1265 3142 eredidima

232 3204 374 3287 quosdam
405 3194 480 3264 data
509 3201 537 3263 ei
568 3201 684 3265 occulta
707 3202 851 3263 mandata
875 3224 895 3262 1
923 3200 1038 3264 Pilaric
1063 3199 1096 3262 11
1120 3203 1173 3263 43.
1206 3198 1264 3262 Sed

233 3391 401 3399 ---—---

267 3508 291 3570 1)
309 3507 399 3557 Eodem
418 3507 464 3557 huc
482 3508 587 3572 partinet
605 3508 672 3558 loeus
689 3507 816 3556 lacunosus
834 3507 943 3556 Suetonii
961 3507 1014 3555 Tib.
1033 3508 1080 3556 52:
1101 3507 1177 3556 Etiam
1195 3523 1266 3558 caasa

233 3605 315 3653 mortis
331 3604 412 3668 sciero
435 3605 458 3652 ei
478 3620 524 3666 par
552 3606 593 3653 On.
621 3605 728 3652 Pirenam
752 3606 855 3668 leputam
878 3603 962 3668 Syriae
986 3602 1104 3662 creditur,
1130 3619 1196 3667 quem
1215 3619 1268 3653 aroc

232 3699 304 3748 huius
329 3698 434 3748 oriminis
459 3715 524 3748 rcum
547 3704 637 3762 patant
661 3699 757 3764 quidam
783 3700 923 3749 mandata
947 3701 1152 3761 prolaturum,
1175 3701 1222 3748 nisi
1238 3715 1266 3749 aa

232 3778 322 3845 1111111
337 3800 456 3845 ostentant
474 3831 481 3846 .
496 3832 538 3846 ...
556 3813 617 3861 quaa
633 3812 654 3847 1.
672 3812 694 3860 q.
712 3812 732 3846 a.

268 3892 292 3954 2)
309 3891 334 3941 Si
351 3897 445 3957 praeter
462 3893 548 3943 tomam
566 3909 593 3942 ex
611 3893 718 3942 fontibus
738 3909 833 3957 quoqne
853 3883 910 3943 haec
930 3893 1072 3957 accepisset,
1084 3893 1226 3952 addidisset,
1239 3897 1266 3942 ut

234 3992 267 4040 IV
283 3992 328 4041 10:
352 3992 377 4040 ia
395 3993 513 4042 tradenda
530 4000 604 4042 morta
622 3994 697 4042 Drusi
722 4010 797 4058 quae
820 3995 964 4058 plurimis
990 3994 1169 4059 maximeque
1186 3994 1268 4058 sidia

233 4091 410 4141 auctoribus
426 4097 554 4140 memorata
565 4097 621 4141 aunt
638 4091 726 4151 retuli,
744 4094 787 4141 ced
803 4110 849 4141 noa
866 4093 982 4142 omiserim
999 4093 1125 4142 eorundem
1138 4097 1267 4155 temporum

233 4203 391 4248 rumorem,
416 4187 518 4238 validm
540 4189 600 4237 adeo
623 4193 651 4236 at
674 4190 776 4237 nondum
797 4191 923 4238 exolescat.
957 4189 995 4239 Cf.
1014 4190 1025 4237 1
1044 4189 1090 4248 80,
1117 4188 1152 4237 IV
1169 4190 1214 4247 53,
1234 4187 1267 4236 vl

234 4288 257 4347 4,
276 4283 299 4336 7.
323 4282 752 4346 11111.1137,50,101,11151,
773 4286 819 4342 54,
838 4284 872 4334 1v
891 4285 935 4344 88,
955 4285 1001 4346 84,
1019 4283 1042 4330 V
1060 4284 1088 4344 2,
1108 4283 1132 4335 0.
