3008 4920
733 420 773 480 55

236 623 302 707 ipsc
332 623 406 686 exiit
437 644 615 707 oppressum
647 622 825 700 seditiosos;
859 630 891 687 at
922 624 972 688 hio
1003 624 1117 689 Romae
1147 634 1268 701 manet,

236 742 329 825 longe
360 742 546 826 experientia
569 742 695 818 doctus,
719 743 888 806 tumultum
913 743 1010 828 primo
1034 743 1191 828 legionum
1215 745 1269 807 im-

237 871 312 948 petn
335 863 518 927 exstinctum
541 863 597 941 iri,
622 871 657 926 ut
680 885 784 927 revera
807 862 891 927 brevi
914 863 1042 949 accidit,
1068 862 1143 926 dum
1166 863 1269 926 Gallo·

236 1004 304 1045 rum
327 981 420 1046 duces
443 1004 499 1046 sna
519 1003 613 1046 manu
629 981 774 1046 cecidere.
807 981 926 1046 Deinde
945 982 1072 1066 scriptor
1089 982 1133 1045 sic
1149 982 1266 1067 pergit:

240 1102 312 1164 Tum
342 1104 457 1165 (demum
489 1102 625 1165 Tiberius
654 1108 751 1164 ortum
772 1109 989 1185 patratumque
1012 1100 1121 1164 delium
1146 1103 1269 1172 senatui

235 1221 371 1303 scripsit,
394 1243 502 1305 raeque
524 1220 677 1302 dempsit
701 1226 768 1282 uut
791 1221 935 1282 addidit
959 1241 1057 1294 reru,
1080 1221 1134 1282 sed
1147 1222 1214 1304 fide
1232 1243 1269 1285 as

235 1342 348 1402 uirtute
371 1340 501 1422 tepuisse,
524 1360 556 1401 se
585 1338 723 1401 couutiis
744 1339 942 1421 superfuisse.
979 1338 1100 1400 Simul
1129 1361 1269 1403 causas

235 1481 299 1533 cur
327 1481 395 1522 uou
422 1460 521 1541 ipse,
548 1480 614 1522 uon
633 1459 781 1521 Drusus
800 1459 1040 1561 profectiuud
1064 1460 1105 1521 id
1128 1459 1267 1523 bellum
1328 1464 1330 1469 '

226 1580 376 1661 forent,
410 1578 598 1651 detinuerit,
634 1577 925 1658 mapuitudu'uem
964 1577 1118 1656 imperii
1150 1579 1267 1640 eutol-

235 1698 329 1770 teus,
354 1720 469 1782 neque
492 1700 660 1761 decorum
678 1699 927 1781 principibus
950 1700 985 1761 si
1008 1720 1077 1761 uua
1101 1699 1268 1762 utteruue

234 1817 372 1879 ciuitas
402 1817 538 1888 turbet,
570 1817 701 1878 omissa
732 1818 820 1878 uste
851 1818 947 1880 uude
973 1818 1010 1880 iu
1039 1817 1152 1879 omnia
1176 1817 1266 1899 repi-

235 1956 308 1999 meu
332 1933 448 2017 (deesse
471 1933 616 1998 videntur
637 1933 740 2017 verbo)
764 1956 789 1997 c.
814 1937 867 1998 47.
907 1934 1032 1998 Tacitus
1060 1943 1180 2010 autem,
1204 1954 1267 1997 non

234 2061 397 2118 contentus
420 2053 478 2116 hac
501 2052 728 2138 simplicissima
755 2075 847 2116 causa
862 2053 884 2137 ¹)
908 2052 961 2116 sed
977 2053 1009 2116 iu
1025 2051 1147 2117 Tiberio
1165 2053 1267 2116 omnia

234 2192 251 2233 e
273 2171 347 2234 vitio
370 2169 565 2254 potissimum
589 2169 769 2264 explicanda
792 2177 894 2247 ratus,
917 2185 1080 2254 antequam
1096 2169 1181 2233 illam
1198 2191 1267 2233 cau·

233 2310 296 2353 sam
321 2288 443 2365 retulit,
468 2287 547 2352 hanc
571 2289 782 2370 quaestionem
806 2289 937 2353 retinere
960 2310 1024 2354 non
1043 2289 1162 2372 potuit:
1184 2288 1267 2352 itane

234 2408 297 2490 egit
327 2408 547 2470 altitudine
569 2407 689 2469 enimi
711 2407 744 2490 (i.
769 2429 795 2471 e.
820 2407 1046 2492 impenetrabili
1070 2407 1268 2472 dissimulati·

234 2548 292 2590 one
315 2525 398 2589 Hist.
423 2524 470 2588 IV
495 2527 549 2608 86)
572 2548 615 2588 uu
639 2534 862 2609 compererat
885 2527 1021 2591 predica
1046 2549 1122 2590 esse
1141 2535 1173 2591 et
1193 2527 1266 2590 uut-

231 2649 333 2728 putis
365 2644 531 2707 leuiora?
566 2646 610 2708 At
640 2644 719 2710 hano
751 2646 960 2730 quaestionem
983 2634 1044 2710 iam
1067 2647 1132 2730 ipsc
1155 2647 1268 2733 praeci·

234 2763 338 2842 derat,
371 2785 467 2846 quum
499 2764 645 2828 scriberet
675 2765 789 2828 Rouae
819 2773 927 2827 euuctu
957 2765 990 2827 iu
1021 2767 1122 2828 maius
1149 2768 1264 2830 eredita

234 2907 308 2948 esse.
345 2882 460 2947 Similis
484 2883 680 2968 reprehensio
703 2871 736 2947 in
760 2906 792 2948 re
815 2884 907 2949 simili
931 2884 1044 2968 legitur
1063 2884 1080 2947 Ι
1098 2888 1157 2951 24:
1182 2887 1266 2951 Haec

187 2986 190 2991 ¹
233 3003 357 3076 auditu,
383 3023 425 3066 so.
450 3002 560 3065 seditio
583 3002 739 3086 legionum
762 3003 794 3064 in
820 3002 994 3078 Pannonia,
1015 2999 1192 3086 quamquem
1212 3004 1267 3066 ab·

232 3130 401 3202 strusuru·
420 3129 451 3184 et
481 3123 659 3184 tristissima
690 3144 826 3206 quaeque
852 3122 979 3186 muuime
1005 3123 1265 3202 crocitantem,

236 3243 385 3305 Tiberium
425 3243 583 3324 perpulere
618 3248 652 3336 ut
689 3243 821 3304 Drusum
849 3243 955 3323 filium
989 3265 1055 3304 euru
1084 3243 1265 3325 primoribus

232 3361 370 3426 ciuitatis
403 3362 576 3445 duabusque
602 3360 767 3442 praetoriis
796 3361 963 3424 cohortibus
989 3361 1134 3437 mitteret,
1167 3363 1265 3426 ruitis

233 3479 312 3542 satis
334 3479 425 3562 certis
447 3478 615 3552 mandatis,
640 3500 677 3540 eu
699 3499 731 3539 re
745 3479 961 3543 consulturum.
998 3477 1062 3542 Gur
1085 3479 1198 3544 dicitur
1213 3483 1262 3543 at·

234 3606 355 3662 strusus
385 3604 416 3661 et
445 3598 625 3661 occultans?
653 3596 810 3661 Nimirum
838 3599 911 3681 quia
933 3620 1034 3663 coram
1058 3598 1189 3663 credulis
1214 3622 1266 3664 an·
1299 3634 1305 3643 ⁴

236 3717 356 3800 niisque
386 3717 505 3783 civibus
535 3740 598 3783 rem
630 3718 739 3782 merito
771 3725 916 3804 tanquam
947 3719 1043 3784 levem
1074 3742 1131 3785 nec
1161 3721 1266 3806 magni
1314 3705 1316 3710 ¹

237 3896 430 3910 m

271 4014 297 4074 1)
320 4013 399 4078 Quam
423 4012 540 4061 rationem
564 4012 588 4061 iu
612 4027 638 4061 re
662 4026 760 4075 prorsus
783 4011 865 4060 eudem
888 4011 976 4060 iterum
994 4016 1088 4060 secutus
1105 4015 1141 4060 cst
1158 4011 1267 4088 Tiberius

236 4107 312 4160 1472
331 4110 450 4157 immotum
467 4108 581 4157 adsum
598 4121 637 4155 ecs
652 4121 768 4155 rumores
776 4107 902 4170 fisumque
922 4103 1012 4154 tiberio
1022 4104 1081 4167 suit
1098 4121 1143 4153 son
1161 4104 1268 4155 omittere

236 4210 309 4268 caput
324 4219 402 4253 rerum
418 4219 493 4268 neque
508 4219 534 4252 se
549 4218 643 4267 remque
658 4201 777 4265 publicam
794 4201 820 4249 in
838 4217 917 4250 earum
934 4201 1002 4253 dare·
